DATE,TIME_M,EX,SYM_ROOT,SYM_SUFFIX,SIZE,PRICE
2023-12-20,7:00:00.032931613,K,CLNE,,40,3.81
2023-12-20,7:03:38.890702614,P,CLNE,,7,3.83
2023-12-20,7:03:56.128541668,K,CLNE,,300,3.81
2023-12-20,7:03:57.904327201,K,CLNE,,1000,3.81
2023-12-20,7:06:38.232341899,K,CLNE,,25,3.81
2023-12-20,7:48:25.132446734,K,CLNE,,10,3.79
2023-12-20,7:48:25.132648751,K,CLNE,,53,3.79
2023-12-20,7:48:25.132659738,K,CLNE,,10,3.8
2023-12-20,7:48:38.209775888,K,CLNE,,27,3.82
2023-12-20,8:00:01.166564911,D,CLNE,,416,3.81
2023-12-20,8:00:04.691346944,D,CLNE,,1,3.85
2023-12-20,8:00:04.806995173,D,CLNE,,6,3.7
2023-12-20,8:07:58.658571756,K,CLNE,,200,3.74
2023-12-20,8:07:58.660728538,P,CLNE,,79,3.74
2023-12-20,8:25:36.134120884,D,CLNE,,34,3.73
2023-12-20,8:36:01.573583521,D,CLNE,,1000,3.84
2023-12-20,8:36:19.090418477,D,CLNE,,2000,3.82
2023-12-20,8:41:38.518999062,D,CLNE,,50,3.82
2023-12-20,8:46:31.157301050,D,CLNE,,8000,3.82
2023-12-20,8:51:02.064699226,D,CLNE,,200,3.74
2023-12-20,8:52:00.265548330,D,CLNE,,10,3.74
2023-12-20,8:52:20.416977259,D,CLNE,,200,3.8122
2023-12-20,8:52:20.420563219,D,CLNE,,129,3.82
2023-12-20,8:56:29.154056031,D,CLNE,,5000,3.8
2023-12-20,9:06:35.866887040,D,CLNE,,3,3.82
2023-12-20,9:10:08.126299771,D,CLNE,,2,3.8
2023-12-20,9:16:46.693204676,D,CLNE,,2,3.82
2023-12-20,9:18:04.696176620,D,CLNE,,4,3.8076
2023-12-20,9:20:33.361576612,D,CLNE,,1000,3.78
2023-12-20,9:22:30.779258568,D,CLNE,,10,3.75
2023-12-20,9:24:09.919579831,D,CLNE,,3,3.8
2023-12-20,9:27:59.576013030,B,CLNE,,139,3.8
2023-12-20,9:28:15.373337094,D,CLNE,,100,3.75
2023-12-20,9:28:15.373464443,D,CLNE,,100,3.7501
2023-12-20,9:30:00.429821160,D,CLNE,,1,3.78
2023-12-20,9:30:00.745892899,P,CLNE,,3,3.75
2023-12-20,9:30:00.745894709,P,CLNE,,3,3.75
2023-12-20,9:30:00.772661079,D,CLNE,,1,3.78
2023-12-20,9:30:00.882370498,D,CLNE,,1,3.78
2023-12-20,9:30:00.959953188,Q,CLNE,,3,3.8
2023-12-20,9:30:01.018208488,D,CLNE,,1,3.78
2023-12-20,9:30:01.528549782,Q,CLNE,,48004,3.75
2023-12-20,9:30:01.528561734,Q,CLNE,,48004,3.75
2023-12-20,9:30:02.044833660,D,CLNE,,1,3.804
2023-12-20,9:30:02.268174115,D,CLNE,,20,3.75
2023-12-20,9:30:02.474257803,D,CLNE,,1,3.78
2023-12-20,9:30:02.627066835,Q,CLNE,,100,3.75
2023-12-20,9:30:02.627637588,P,CLNE,,97,3.75
2023-12-20,9:30:02.627713575,Q,CLNE,,180,3.75
2023-12-20,9:30:02.627996848,U,CLNE,,100,3.74
2023-12-20,9:30:03.925815795,D,CLNE,,1,3.75
2023-12-20,9:30:03.925894103,Q,CLNE,,167,3.74
2023-12-20,9:30:03.925895277,Q,CLNE,,13,3.74
2023-12-20,9:30:03.925897858,Q,CLNE,,100,3.74
2023-12-20,9:30:03.926263703,Q,CLNE,,167,3.73
2023-12-20,9:30:03.926266154,Q,CLNE,,100,3.73
2023-12-20,9:30:03.926283127,K,CLNE,,50,3.73
2023-12-20,9:30:03.926286505,K,CLNE,,12,3.73
2023-12-20,9:30:03.939130787,D,CLNE,,1,3.75
2023-12-20,9:30:04.005684866,Z,CLNE,,3,3.73
2023-12-20,9:30:04.072205989,D,CLNE,,1035,3.75
2023-12-20,9:30:04.269993873,D,CLNE,,1,3.7335
2023-12-20,9:30:04.340402274,D,CLNE,,3,3.7379
2023-12-20,9:30:04.508817485,D,CLNE,,1,3.75
2023-12-20,9:30:05.249528471,D,CLNE,,1,3.75
2023-12-20,9:30:05.303419129,D,CLNE,,3,3.75
2023-12-20,9:30:05.524087082,D,CLNE,,1,3.75
2023-12-20,9:30:06.065049207,K,CLNE,,10,3.72
2023-12-20,9:30:06.065321087,P,CLNE,,116,3.72
2023-12-20,9:30:06.065336972,P,CLNE,,122,3.72
2023-12-20,9:30:06.065347464,P,CLNE,,975,3.72
2023-12-20,9:30:06.065351601,P,CLNE,,31,3.72
2023-12-20,9:30:06.065359309,P,CLNE,,2275,3.72
2023-12-20,9:30:06.065363151,P,CLNE,,325,3.72
2023-12-20,9:30:06.065364191,P,CLNE,,325,3.72
2023-12-20,9:30:06.065368489,P,CLNE,,62,3.72
2023-12-20,9:30:06.065509842,P,CLNE,,769,3.72
2023-12-20,9:30:07.303295608,D,CLNE,,135,3.7285
2023-12-20,9:30:09.921229120,D,CLNE,,1,3.75
2023-12-20,9:30:09.932667412,D,CLNE,,1,3.75
2023-12-20,9:30:09.938671593,D,CLNE,,1,3.75
2023-12-20,9:30:10.342878727,D,CLNE,,1,3.75
2023-12-20,9:30:10.406341558,Q,CLNE,,24,3.73
2023-12-20,9:30:10.406353215,Q,CLNE,,76,3.73
2023-12-20,9:30:10.406355956,Q,CLNE,,100,3.73
2023-12-20,9:30:10.406357617,Q,CLNE,,5,3.73
2023-12-20,9:30:10.406360579,Q,CLNE,,200,3.73
2023-12-20,9:30:10.406363469,Q,CLNE,,100,3.73
2023-12-20,9:30:10.406465528,U,CLNE,,100,3.73
2023-12-20,9:30:10.406625660,U,CLNE,,100,3.73
2023-12-20,9:30:10.407037328,J,CLNE,,100,3.74
2023-12-20,9:30:10.407208459,J,CLNE,,100,3.74
2023-12-20,9:30:10.407371711,K,CLNE,,31,3.74
2023-12-20,9:30:10.407380435,J,CLNE,,100,3.74
2023-12-20,9:30:10.407388662,K,CLNE,,186,3.74
2023-12-20,9:30:10.407393729,K,CLNE,,117,3.74
2023-12-20,9:30:10.407454809,K,CLNE,,73,3.74
2023-12-20,9:30:10.408299628,D,CLNE,,200,3.74
2023-12-20,9:30:10.409569932,D,CLNE,,100,3.74
2023-12-20,9:30:10.409885740,D,CLNE,,100,3.74
2023-12-20,9:30:10.411451651,J,CLNE,,100,3.74
2023-12-20,9:30:10.412635398,J,CLNE,,100,3.74
2023-12-20,9:30:10.412921813,J,CLNE,,100,3.74
2023-12-20,9:30:10.416605329,J,CLNE,,100,3.74
2023-12-20,9:30:10.565051259,D,CLNE,,1,3.75
2023-12-20,9:30:10.639863541,D,CLNE,,1,3.75
2023-12-20,9:30:10.689424872,D,CLNE,,1,3.75
2023-12-20,9:30:10.747860865,D,CLNE,,1,3.75
2023-12-20,9:30:11.389268857,D,CLNE,,1,3.7388
2023-12-20,9:30:12.008286929,D,CLNE,,1,3.7388
2023-12-20,9:30:12.940580360,D,CLNE,,1,3.75
2023-12-20,9:30:13.481227754,D,CLNE,,1,3.75
2023-12-20,9:30:14.296907630,D,CLNE,,1,3.75
2023-12-20,9:30:14.374851022,D,CLNE,,1,3.75
2023-12-20,9:30:14.553328480,D,CLNE,,1,3.75
2023-12-20,9:30:14.704609334,D,CLNE,,1,3.75
2023-12-20,9:30:14.942618550,D,CLNE,,1,3.75
2023-12-20,9:30:15.067865897,D,CLNE,,1,3.7388
2023-12-20,9:30:15.269013907,D,CLNE,,1,3.75
2023-12-20,9:30:15.272117842,D,CLNE,,1,3.75
2023-12-20,9:30:15.438164998,D,CLNE,,2,3.7388
2023-12-20,9:30:15.536546511,D,CLNE,,1,3.75
2023-12-20,9:30:16.677017847,D,CLNE,,1,3.75
2023-12-20,9:30:16.678158425,D,CLNE,,1,3.75
2023-12-20,9:30:16.697896209,D,CLNE,,1,3.75
2023-12-20,9:30:16.825755797,D,CLNE,,1,3.75
2023-12-20,9:30:16.880442489,D,CLNE,,1,3.75
2023-12-20,9:30:16.893712133,D,CLNE,,1,3.75
2023-12-20,9:30:16.956578407,D,CLNE,,1,3.75
2023-12-20,9:30:17.043410768,D,CLNE,,1,3.75
2023-12-20,9:30:17.082774318,D,CLNE,,1,3.75
2023-12-20,9:30:17.698911785,Q,CLNE,,100,3.73
2023-12-20,9:30:17.699457848,N,CLNE,,100,3.73
2023-12-20,9:30:17.702945505,U,CLNE,,100,3.72
2023-12-20,9:30:19.195026812,D,CLNE,,1,3.75
2023-12-20,9:30:19.467743274,D,CLNE,,1,3.75
2023-12-20,9:30:19.588907763,D,CLNE,,1,3.75
2023-12-20,9:30:19.834337594,D,CLNE,,1,3.7287
2023-12-20,9:30:20.179312436,D,CLNE,,1,3.7287
2023-12-20,9:30:20.575209329,D,CLNE,,1,3.7287
2023-12-20,9:30:20.580985045,D,CLNE,,10,3.7287
2023-12-20,9:30:20.820348782,D,CLNE,,1,3.7496
2023-12-20,9:30:21.129989078,D,CLNE,,1,3.7498
2023-12-20,9:30:21.805770604,D,CLNE,,1,3.75
2023-12-20,9:30:22.196981129,D,CLNE,,1,3.75
2023-12-20,9:30:23.264107473,D,CLNE,,1,3.75
2023-12-20,9:30:23.505363145,J,CLNE,,100,3.72
2023-12-20,9:30:23.537659864,D,CLNE,,1,3.7487
2023-12-20,9:30:23.659636103,J,CLNE,,100,3.72
2023-12-20,9:30:23.659800830,Q,CLNE,,200,3.73
2023-12-20,9:30:23.660215930,K,CLNE,,100,3.73
2023-12-20,9:30:23.660328448,Z,CLNE,,100,3.73
2023-12-20,9:30:23.660438481,Z,CLNE,,100,3.73
2023-12-20,9:30:23.660819825,D,CLNE,,151,3.73
2023-12-20,9:30:23.661091388,Q,CLNE,,100,3.73
2023-12-20,9:30:23.661092987,Q,CLNE,,800,3.73
2023-12-20,9:30:23.661096430,Q,CLNE,,100,3.73
2023-12-20,9:30:23.661126320,U,CLNE,,100,3.73
2023-12-20,9:30:23.661221169,K,CLNE,,100,3.73
2023-12-20,9:30:23.661226762,K,CLNE,,100,3.73
2023-12-20,9:30:23.661229778,K,CLNE,,100,3.73
2023-12-20,9:30:23.661231530,Z,CLNE,,200,3.73
2023-12-20,9:30:23.661238926,Z,CLNE,,100,3.73
2023-12-20,9:30:23.661240648,Z,CLNE,,200,3.73
2023-12-20,9:30:23.661246414,Z,CLNE,,100,3.73
2023-12-20,9:30:23.661249782,Z,CLNE,,100,3.73
2023-12-20,9:30:23.661449335,P,CLNE,,100,3.73
2023-12-20,9:30:23.661520659,N,CLNE,,100,3.73
2023-12-20,9:30:25.420975868,J,CLNE,,5,3.73
2023-12-20,9:30:25.421449084,J,CLNE,,100,3.73
2023-12-20,9:30:25.667356981,J,CLNE,,100,3.73
2023-12-20,9:30:27.340482268,Q,CLNE,,5,3.735
2023-12-20,9:30:27.340484109,Q,CLNE,,300,3.73
2023-12-20,9:30:27.340486809,Q,CLNE,,151,3.73
2023-12-20,9:30:27.340489909,Q,CLNE,,95,3.73
2023-12-20,9:30:27.340519989,Q,CLNE,,5,3.73
2023-12-20,9:30:27.340774108,Z,CLNE,,200,3.73
2023-12-20,9:30:27.340777551,Z,CLNE,,400,3.73
2023-12-20,9:30:27.340779301,K,CLNE,,5,3.735
2023-12-20,9:30:27.340785372,K,CLNE,,100,3.73
2023-12-20,9:30:27.340787869,K,CLNE,,195,3.73
2023-12-20,9:30:27.340812186,K,CLNE,,5,3.73
2023-12-20,9:30:27.341025908,N,CLNE,,300,3.73
2023-12-20,9:30:51.622636480,J,CLNE,,5,3.72
2023-12-20,9:30:51.622724213,Q,CLNE,,100,3.72
2023-12-20,9:30:51.622726123,Q,CLNE,,100,3.72
2023-12-20,9:30:51.622728437,Q,CLNE,,5,3.72
2023-12-20,9:30:51.622770884,U,CLNE,,100,3.72
2023-12-20,9:30:51.622823632,Z,CLNE,,100,3.72
2023-12-20,9:30:51.622827502,Z,CLNE,,5,3.72
2023-12-20,9:30:51.623111798,P,CLNE,,100,3.72
2023-12-20,9:30:51.937588161,D,CLNE,,1000,3.7102
2023-12-20,9:30:55.946627417,D,CLNE,,1,3.7188
2023-12-20,9:30:55.963850156,D,CLNE,,1,3.7188
2023-12-20,9:30:55.985409092,D,CLNE,,1,3.7188
2023-12-20,9:30:56.002279917,D,CLNE,,1,3.7188
2023-12-20,9:30:56.004916713,D,CLNE,,1,3.7188
2023-12-20,9:30:58.894160805,D,CLNE,,26,3.7261
2023-12-20,9:30:59.434863678,Q,CLNE,,100,3.72
2023-12-20,9:30:59.434883222,Q,CLNE,,200,3.72
2023-12-20,9:30:59.435183251,U,CLNE,,42,3.72
2023-12-20,9:30:59.435183340,U,CLNE,,100,3.72
2023-12-20,9:31:16.694420501,J,CLNE,,100,3.725
2023-12-20,9:31:16.694543508,U,CLNE,,100,3.725
2023-12-20,9:31:16.694543594,U,CLNE,,100,3.725
2023-12-20,9:31:16.694543677,U,CLNE,,100,3.725
2023-12-20,9:31:16.694543785,U,CLNE,,45,3.72
2023-12-20,9:31:16.694883989,N,CLNE,,39,3.73
2023-12-20,9:31:16.694946751,N,CLNE,,61,3.73
2023-12-20,9:31:16.824153104,D,CLNE,,1800,3.72
2023-12-20,9:31:16.911215609,D,CLNE,,100,3.72
2023-12-20,9:31:16.911617056,Q,CLNE,,48,3.72
2023-12-20,9:31:16.911620562,K,CLNE,,100,3.72
2023-12-20,9:31:16.911624995,K,CLNE,,75,3.72
2023-12-20,9:31:16.911629685,Q,CLNE,,52,3.72
2023-12-20,9:31:16.911632141,Q,CLNE,,100,3.72
2023-12-20,9:31:16.911634097,Q,CLNE,,100,3.72
2023-12-20,9:31:16.911734438,Z,CLNE,,100,3.72
2023-12-20,9:31:16.911739030,Z,CLNE,,100,3.72
2023-12-20,9:31:16.911749455,U,CLNE,,55,3.72
2023-12-20,9:31:16.911749553,U,CLNE,,13,3.72
2023-12-20,9:31:16.911749645,U,CLNE,,100,3.72
2023-12-20,9:31:16.911847916,H,CLNE,,409,3.72
2023-12-20,9:31:16.911963082,P,CLNE,,100,3.72
2023-12-20,9:31:16.911964359,N,CLNE,,198,3.72
2023-12-20,9:31:16.911981486,N,CLNE,,102,3.72
2023-12-20,9:31:16.912159206,K,CLNE,,100,3.715
2023-12-20,9:31:16.917864255,Q,CLNE,,100,3.72
2023-12-20,9:31:17.017077282,Q,CLNE,,100,3.72
2023-12-20,9:31:17.205110805,D,CLNE,,48,3.715
2023-12-20,9:31:22.703122675,Q,CLNE,,100,3.725
2023-12-20,9:31:22.703124212,Q,CLNE,,200,3.72
2023-12-20,9:31:22.703126065,Q,CLNE,,100,3.72
2023-12-20,9:31:22.703127818,Q,CLNE,,600,3.72
2023-12-20,9:31:22.703129958,J,CLNE,,72,3.72
2023-12-20,9:31:22.703131798,Q,CLNE,,200,3.72
2023-12-20,9:31:22.703155120,Q,CLNE,,100,3.72
2023-12-20,9:31:22.703180473,Q,CLNE,,5,3.72
2023-12-20,9:31:22.703412026,Q,CLNE,,100,3.72
2023-12-20,9:31:22.703439153,K,CLNE,,61,3.72
2023-12-20,9:31:22.703439339,Q,CLNE,,100,3.72
2023-12-20,9:31:22.703449992,K,CLNE,,139,3.72
2023-12-20,9:31:22.703455838,Z,CLNE,,19,3.72
2023-12-20,9:31:22.703456246,K,CLNE,,100,3.72
2023-12-20,9:31:22.703459184,K,CLNE,,5,3.72
2023-12-20,9:31:22.703477203,Z,CLNE,,81,3.72
2023-12-20,9:31:22.703479740,Z,CLNE,,100,3.72
2023-12-20,9:31:22.703489115,U,CLNE,,51,3.72
2023-12-20,9:31:22.703489193,U,CLNE,,49,3.72
2023-12-20,9:31:22.703489339,U,CLNE,,100,3.72
2023-12-20,9:31:22.703489470,U,CLNE,,200,3.72
2023-12-20,9:31:22.703491585,Z,CLNE,,5,3.72
2023-12-20,9:31:22.703504568,N,CLNE,,700,3.72
2023-12-20,9:31:22.703514493,P,CLNE,,100,3.72
2023-12-20,9:31:22.703514567,P,CLNE,,100,3.72
2023-12-20,9:31:22.703514667,P,CLNE,,100,3.72
2023-12-20,9:31:22.703605306,H,CLNE,,9,3.72
2023-12-20,9:31:22.703605439,H,CLNE,,696,3.72
2023-12-20,9:31:22.703605556,H,CLNE,,495,3.72
2023-12-20,9:31:22.703883782,N,CLNE,,100,3.72
2023-12-20,9:31:22.891818954,J,CLNE,,5,3.71
2023-12-20,9:31:32.689873488,Q,CLNE,,5,3.715
2023-12-20,9:31:32.689874505,Q,CLNE,,1000,3.71
2023-12-20,9:31:32.689877141,Q,CLNE,,7,3.71
2023-12-20,9:31:32.689883413,Q,CLNE,,5,3.71
2023-12-20,9:31:32.689962207,P,CLNE,,403,3.71
2023-12-20,9:31:32.689977186,P,CLNE,,31,3.71
2023-12-20,9:31:32.689977277,P,CLNE,,31,3.71
2023-12-20,9:31:32.689982893,P,CLNE,,31,3.71
2023-12-20,9:31:32.689986840,P,CLNE,,62,3.71
2023-12-20,9:31:32.689999420,Z,CLNE,,5,3.71
2023-12-20,9:31:32.690033998,P,CLNE,,1542,3.71
2023-12-20,9:31:32.690791886,D,CLNE,,1,3.71
2023-12-20,9:31:32.691217411,K,CLNE,,2,3.7
2023-12-20,9:31:32.697376564,D,CLNE,,2,3.7
2023-12-20,9:31:41.263644270,J,CLNE,,100,3.71
2023-12-20,9:31:41.263660144,J,CLNE,,100,3.71
2023-12-20,9:31:41.263675418,J,CLNE,,400,3.71
2023-12-20,9:31:42.263620381,D,CLNE,,44,3.71
2023-12-20,9:31:42.268214124,D,CLNE,,6300,3.7
2023-12-20,9:31:42.597799364,D,CLNE,,26,3.7118
2023-12-20,9:31:53.264795028,D,CLNE,,1165,3.7034
2023-12-20,9:31:53.267120570,J,CLNE,,74,3.7
2023-12-20,9:31:53.267139066,J,CLNE,,26,3.7
2023-12-20,9:31:53.269063702,D,CLNE,,1,3.7
2023-12-20,9:31:54.283952081,Q,CLNE,,5,3.705
2023-12-20,9:31:54.283957124,Q,CLNE,,5,3.7
2023-12-20,9:31:54.283957227,Q,CLNE,,13,3.7
2023-12-20,9:31:54.283959737,Q,CLNE,,100,3.7
2023-12-20,9:31:54.283961629,Q,CLNE,,95,3.7
2023-12-20,9:31:54.283997869,Q,CLNE,,5,3.7
2023-12-20,9:31:54.284268740,Z,CLNE,,1,3.7
2023-12-20,9:31:54.284272071,K,CLNE,,1,3.705
2023-12-20,9:31:54.284283410,K,CLNE,,4,3.705
2023-12-20,9:31:54.284288326,Z,CLNE,,4,3.7
2023-12-20,9:31:54.284308661,K,CLNE,,98,3.7
2023-12-20,9:31:54.284325424,K,CLNE,,20,3.7
2023-12-20,9:31:54.284455560,Q,CLNE,,5,3.7
2023-12-20,9:31:54.284515873,P,CLNE,,1,3.7
2023-12-20,9:31:54.284534734,P,CLNE,,9,3.7
2023-12-20,9:31:54.284534812,P,CLNE,,81,3.7
2023-12-20,9:31:54.284534907,P,CLNE,,157,3.7
2023-12-20,9:31:54.284553587,P,CLNE,,1843,3.7
2023-12-20,9:31:54.586551709,D,CLNE,,40,3.7
2023-12-20,9:32:00.212830132,Z,CLNE,,4,3.69
2023-12-20,9:32:00.212860978,Q,CLNE,,5,3.69
2023-12-20,9:32:00.213199735,P,CLNE,,10,3.69
2023-12-20,9:32:01.792533881,D,CLNE,,1,3.68
2023-12-20,9:32:02.919407089,J,CLNE,,5,3.68
2023-12-20,9:32:02.919412782,Q,CLNE,,5,3.685
2023-12-20,9:32:02.919415499,Q,CLNE,,100,3.68
2023-12-20,9:32:02.919417981,Q,CLNE,,100,3.68
2023-12-20,9:32:02.919513851,Z,CLNE,,5,3.68
2023-12-20,9:32:02.919570708,K,CLNE,,5,3.685
2023-12-20,9:32:02.919580868,K,CLNE,,95,3.68
2023-12-20,9:32:02.919728873,K,CLNE,,5,3.68
2023-12-20,9:32:02.919791899,P,CLNE,,100,3.68
2023-12-20,9:32:10.530430960,B,CLNE,,100,3.675
2023-12-20,9:32:10.532625458,K,CLNE,,100,3.675
2023-12-20,9:32:10.532628925,K,CLNE,,100,3.675
2023-12-20,9:32:12.640952537,D,CLNE,,1000,3.6793
2023-12-20,9:32:13.549350470,Z,CLNE,,1,3.68
2023-12-20,9:32:13.549353421,Z,CLNE,,99,3.68
2023-12-20,9:32:13.549452892,Q,CLNE,,100,3.68
2023-12-20,9:32:13.549472219,Z,CLNE,,308,3.68
2023-12-20,9:32:13.549830648,P,CLNE,,100,3.68
2023-12-20,9:32:16.425660732,D,CLNE,,30,3.6926
2023-12-20,9:32:17.553806994,P,CLNE,,361,3.68
2023-12-20,9:32:18.525385219,Z,CLNE,,100,3.685
2023-12-20,9:32:30.152347824,Z,CLNE,,1,3.68
2023-12-20,9:32:33.287391594,Q,CLNE,,1,3.68
2023-12-20,9:32:33.305114369,N,CLNE,,100,3.67
2023-12-20,9:32:35.575719576,D,CLNE,,25,3.6796
2023-12-20,9:32:46.235046634,Q,CLNE,,1,3.68
2023-12-20,9:32:46.235048725,Q,CLNE,,100,3.68
2023-12-20,9:32:46.235050430,Q,CLNE,,136,3.68
2023-12-20,9:32:51.732775885,D,CLNE,,30,3.6794
2023-12-20,9:33:00.246840513,D,CLNE,,100,3.685
2023-12-20,9:33:00.252721539,Q,CLNE,,100,3.685
2023-12-20,9:33:05.443803348,D,CLNE,,2400,3.6899
2023-12-20,9:33:06.030732731,D,CLNE,,100,3.675
2023-12-20,9:33:06.928624469,D,CLNE,,2600,3.685
2023-12-20,9:33:11.245857468,V,CLNE,,100,3.685
2023-12-20,9:33:11.245970674,D,CLNE,,500,3.685
2023-12-20,9:33:11.246208058,D,CLNE,,100,3.685
2023-12-20,9:33:11.252249302,Q,CLNE,,100,3.69
2023-12-20,9:33:11.252251358,Q,CLNE,,100,3.69
2023-12-20,9:33:11.257957013,Q,CLNE,,100,3.69
2023-12-20,9:33:13.239961265,Q,CLNE,,5,3.69
2023-12-20,9:33:13.239962970,Q,CLNE,,200,3.69
2023-12-20,9:33:13.239992681,Q,CLNE,,200,3.69
2023-12-20,9:33:13.240292061,U,CLNE,,3,3.69
2023-12-20,9:33:13.240292158,U,CLNE,,42,3.69
2023-12-20,9:33:13.240292238,U,CLNE,,400,3.69
2023-12-20,9:33:13.240306326,U,CLNE,,445,3.69
2023-12-20,9:33:13.240306420,U,CLNE,,55,3.69
2023-12-20,9:33:13.240718788,V,CLNE,,10,3.69
2023-12-20,9:33:14.805251546,K,CLNE,,27,3.7
2023-12-20,9:33:14.805351360,K,CLNE,,73,3.7
2023-12-20,9:33:16.631812973,J,CLNE,,8,3.69
2023-12-20,9:33:16.631816421,J,CLNE,,64,3.69
2023-12-20,9:33:25.500767691,Q,CLNE,,1,3.69
2023-12-20,9:33:25.501152880,P,CLNE,,13,3.69
2023-12-20,9:33:39.662119592,D,CLNE,,30,3.6877
2023-12-20,9:33:49.744205269,Q,CLNE,,100,3.7
2023-12-20,9:33:49.744985670,V,CLNE,,7,3.7
2023-12-20,9:33:49.754814329,Q,CLNE,,100,3.7
2023-12-20,9:33:49.754845887,Q,CLNE,,200,3.7
2023-12-20,9:33:49.755411052,P,CLNE,,100,3.7
2023-12-20,9:33:53.073983356,D,CLNE,,50,3.705
2023-12-20,9:33:57.069428445,V,CLNE,,3,3.71
2023-12-20,9:33:57.090382997,K,CLNE,,17,3.71
2023-12-20,9:33:57.090383901,Z,CLNE,,38,3.71
2023-12-20,9:33:57.090392295,Z,CLNE,,352,3.71
2023-12-20,9:33:57.090545230,Q,CLNE,,100,3.71
2023-12-20,9:33:57.090546853,Q,CLNE,,100,3.71
2023-12-20,9:33:57.090633240,U,CLNE,,45,3.71
2023-12-20,9:33:57.090730746,P,CLNE,,1,3.71
2023-12-20,9:33:57.090769830,J,CLNE,,100,3.71
2023-12-20,9:33:57.090941402,Y,CLNE,,100,3.71
2023-12-20,9:34:00.621467352,J,CLNE,,100,3.72
2023-12-20,9:34:04.457187853,D,CLNE,,99,3.72
2023-12-20,9:34:04.460030038,D,CLNE,,1,3.72
2023-12-20,9:34:05.341203822,D,CLNE,,100,3.72
2023-12-20,9:34:07.277294971,Q,CLNE,,100,3.72
2023-12-20,9:34:07.277296545,Q,CLNE,,100,3.72
2023-12-20,9:34:07.277299138,Q,CLNE,,100,3.72
2023-12-20,9:34:07.277391491,Z,CLNE,,200,3.72
2023-12-20,9:34:07.277394684,Z,CLNE,,100,3.72
2023-12-20,9:34:07.277396257,U,CLNE,,100,3.72
2023-12-20,9:34:07.277396342,U,CLNE,,100,3.72
2023-12-20,9:34:07.277672462,P,CLNE,,100,3.72
2023-12-20,9:34:07.278187844,D,CLNE,,11,3.72
2023-12-20,9:34:07.278300268,D,CLNE,,1,3.72
2023-12-20,9:34:08.222547349,D,CLNE,,2,3.7298
2023-12-20,9:34:09.466709638,Q,CLNE,,100,3.73
2023-12-20,9:34:09.466798540,P,CLNE,,200,3.73
2023-12-20,9:34:11.683128799,K,CLNE,,2,3.73
2023-12-20,9:34:21.019495612,D,CLNE,,50,3.7301
2023-12-20,9:34:24.657123899,Q,CLNE,,7,3.735
2023-12-20,9:34:24.658188749,K,CLNE,,7,3.735
2023-12-20,9:34:24.662656034,D,CLNE,,2335,3.73
2023-12-20,9:34:25.393386226,D,CLNE,,27,3.7214
2023-12-20,9:34:28.626118138,D,CLNE,,18,3.7304
2023-12-20,9:34:29.726221180,D,CLNE,,8,3.73
2023-12-20,9:34:30.689828163,Q,CLNE,,100,3.74
2023-12-20,9:34:30.690947233,D,CLNE,,100,3.735
2023-12-20,9:35:00.146724768,D,CLNE,,100,3.74
2023-12-20,9:35:00.146976134,Q,CLNE,,75,3.74
2023-12-20,9:35:00.183434684,Q,CLNE,,25,3.74
2023-12-20,9:35:00.540066351,Q,CLNE,,75,3.74
2023-12-20,9:35:00.921523131,D,CLNE,,6,3.7321
2023-12-20,9:35:07.647378903,Q,CLNE,,100,3.74
2023-12-20,9:35:10.739906761,D,CLNE,,31,3.7387
2023-12-20,9:35:11.239057452,D,CLNE,,5000,3.7401
2023-12-20,9:35:16.476158886,D,CLNE,,500,3.7499
2023-12-20,9:35:20.328526624,Q,CLNE,,2,3.74
2023-12-20,9:35:20.328528731,Q,CLNE,,100,3.74
2023-12-20,9:35:20.328530581,Q,CLNE,,13,3.74
2023-12-20,9:35:20.329075213,P,CLNE,,13,3.74
2023-12-20,9:35:29.122147070,Q,CLNE,,46,3.74
2023-12-20,9:35:33.508038718,Q,CLNE,,1,3.74
2023-12-20,9:35:49.211912787,Q,CLNE,,1,3.74
2023-12-20,9:35:49.211920117,K,CLNE,,100,3.74
2023-12-20,9:35:50.839829302,K,CLNE,,100,3.74
2023-12-20,9:36:17.444624082,D,CLNE,,50,3.745
2023-12-20,9:36:20.795369237,Q,CLNE,,45,3.75
2023-12-20,9:36:20.795371631,Q,CLNE,,100,3.75
2023-12-20,9:36:20.795394659,Q,CLNE,,400,3.75
2023-12-20,9:36:20.795792997,H,CLNE,,100,3.75
2023-12-20,9:36:20.795922118,P,CLNE,,342,3.75
2023-12-20,9:36:20.796092918,V,CLNE,,21,3.75
2023-12-20,9:36:20.797227379,D,CLNE,,1,3.75
2023-12-20,9:36:20.797535932,D,CLNE,,11,3.75
2023-12-20,9:36:27.381237036,Q,CLNE,,100,3.75
2023-12-20,9:36:27.381239084,Q,CLNE,,13,3.75
2023-12-20,9:36:27.381246449,Q,CLNE,,500,3.75
2023-12-20,9:36:27.381634879,Q,CLNE,,486,3.75
2023-12-20,9:36:27.382984443,K,CLNE,,200,3.75
2023-12-20,9:36:27.382989142,K,CLNE,,100,3.75
2023-12-20,9:36:27.382994477,K,CLNE,,14,3.75
2023-12-20,9:36:27.383390956,N,CLNE,,100,3.75
2023-12-20,9:36:27.383439734,A,CLNE,,100,3.75
2023-12-20,9:36:29.371963826,D,CLNE,,3,3.7493
2023-12-20,9:36:30.438413324,D,CLNE,,80,3.744
2023-12-20,9:36:32.675879409,J,CLNE,,100,3.75
2023-12-20,9:36:32.675882837,J,CLNE,,100,3.75
2023-12-20,9:36:32.676158527,C,CLNE,,1,3.75
2023-12-20,9:36:37.153402431,Q,CLNE,,200,3.75
2023-12-20,9:36:37.153936154,Q,CLNE,,100,3.75
2023-12-20,9:36:37.153937897,Q,CLNE,,100,3.75
2023-12-20,9:36:37.154002583,K,CLNE,,200,3.75
2023-12-20,9:36:37.154008448,K,CLNE,,100,3.75
2023-12-20,9:36:37.154010809,K,CLNE,,100,3.75
2023-12-20,9:36:37.154059166,Z,CLNE,,100,3.75
2023-12-20,9:36:37.154111201,U,CLNE,,100,3.75
2023-12-20,9:36:37.154384764,Q,CLNE,,486,3.75
2023-12-20,9:36:37.154398013,P,CLNE,,100,3.75
2023-12-20,9:36:40.521182225,Q,CLNE,,200,3.75
2023-12-20,9:36:41.499280689,D,CLNE,,25,3.7506
2023-12-20,9:36:43.980286443,Q,CLNE,,500,3.75
2023-12-20,9:36:44.758376929,Q,CLNE,,100,3.75
2023-12-20,9:36:44.758970623,P,CLNE,,100,3.75
2023-12-20,9:36:49.068015161,C,CLNE,,3,3.74
2023-12-20,9:36:50.770126795,D,CLNE,,20,3.75
2023-12-20,9:36:51.769075291,J,CLNE,,100,3.75
2023-12-20,9:36:59.045221076,J,CLNE,,100,3.755
2023-12-20,9:36:59.295240382,J,CLNE,,48,3.76
2023-12-20,9:37:10.661570976,D,CLNE,,100,3.755
2023-12-20,9:37:16.076251473,Q,CLNE,,100,3.75
2023-12-20,9:37:16.076267157,Q,CLNE,,500,3.75
2023-12-20,9:37:16.082007870,Q,CLNE,,100,3.745
2023-12-20,9:37:16.082010311,Q,CLNE,,100,3.74
2023-12-20,9:37:16.082012293,Q,CLNE,,4,3.74
2023-12-20,9:37:16.082015470,Q,CLNE,,300,3.74
2023-12-20,9:37:16.082018082,Q,CLNE,,300,3.74
2023-12-20,9:37:16.082020228,Q,CLNE,,100,3.74
2023-12-20,9:37:16.082022851,Q,CLNE,,100,3.74
2023-12-20,9:37:16.082026739,Q,CLNE,,100,3.74
2023-12-20,9:37:16.082028632,Q,CLNE,,100,3.74
2023-12-20,9:37:16.082028729,Q,CLNE,,496,3.74
2023-12-20,9:37:16.082112647,J,CLNE,,100,3.74
2023-12-20,9:37:16.082113250,Z,CLNE,,100,3.74
2023-12-20,9:37:16.082117621,Z,CLNE,,100,3.74
2023-12-20,9:37:16.082120944,Z,CLNE,,300,3.74
2023-12-20,9:37:16.082123143,Z,CLNE,,100,3.74
2023-12-20,9:37:16.082133618,K,CLNE,,300,3.74
2023-12-20,9:37:16.082138127,K,CLNE,,100,3.74
2023-12-20,9:37:16.082141899,K,CLNE,,300,3.74
2023-12-20,9:37:16.082144447,K,CLNE,,100,3.74
2023-12-20,9:37:16.082151960,K,CLNE,,100,3.74
2023-12-20,9:37:16.082153821,K,CLNE,,100,3.74
2023-12-20,9:37:16.082169140,U,CLNE,,400,3.74
2023-12-20,9:37:16.082169223,U,CLNE,,100,3.74
2023-12-20,9:37:16.082169304,U,CLNE,,300,3.74
2023-12-20,9:37:16.082169404,U,CLNE,,200,3.74
2023-12-20,9:37:16.082177483,U,CLNE,,100,3.74
2023-12-20,9:37:16.082181507,U,CLNE,,100,3.74
2023-12-20,9:37:16.082181591,U,CLNE,,100,3.74
2023-12-20,9:37:16.082235055,H,CLNE,,448,3.74
2023-12-20,9:37:16.082235185,H,CLNE,,852,3.74
2023-12-20,9:37:16.082388803,N,CLNE,,700,3.74
2023-12-20,9:37:16.082391749,A,CLNE,,100,3.74
2023-12-20,9:37:16.082392460,P,CLNE,,100,3.74
2023-12-20,9:37:16.082398147,P,CLNE,,100,3.74
2023-12-20,9:37:16.082398233,P,CLNE,,300,3.74
2023-12-20,9:37:16.082398327,P,CLNE,,100,3.74
2023-12-20,9:37:16.082401143,P,CLNE,,100,3.74
2023-12-20,9:37:16.082406151,P,CLNE,,100,3.74
2023-12-20,9:37:16.090300679,V,CLNE,,100,3.735
2023-12-20,9:37:16.091418393,D,CLNE,,100,3.735
2023-12-20,9:37:19.791558275,K,CLNE,,6,3.73
2023-12-20,9:37:29.829419321,J,CLNE,,100,3.73
2023-12-20,9:37:29.903282043,Q,CLNE,,100,3.73
2023-12-20,9:37:29.903864809,P,CLNE,,100,3.73
2023-12-20,9:37:29.903869611,D,CLNE,,100,3.73
2023-12-20,9:37:29.903945670,Q,CLNE,,100,3.73
2023-12-20,9:37:29.904311942,K,CLNE,,100,3.73
2023-12-20,9:37:29.904318097,K,CLNE,,100,3.73
2023-12-20,9:37:29.904318330,Q,CLNE,,100,3.73
2023-12-20,9:37:29.904319718,Q,CLNE,,105,3.73
2023-12-20,9:37:29.904321055,K,CLNE,,100,3.73
2023-12-20,9:37:29.904321240,Z,CLNE,,100,3.73
2023-12-20,9:37:29.904324489,K,CLNE,,100,3.73
2023-12-20,9:37:29.904326985,Z,CLNE,,100,3.73
2023-12-20,9:37:29.904329307,Z,CLNE,,100,3.73
2023-12-20,9:37:29.904330333,K,CLNE,,100,3.73
2023-12-20,9:37:29.904331653,Z,CLNE,,100,3.73
2023-12-20,9:37:29.904334587,Z,CLNE,,100,3.73
2023-12-20,9:37:29.904363975,H,CLNE,,900,3.73
2023-12-20,9:37:29.904365923,U,CLNE,,200,3.73
2023-12-20,9:37:29.904366022,U,CLNE,,100,3.73
2023-12-20,9:37:29.904366112,U,CLNE,,100,3.73
2023-12-20,9:37:29.904366214,U,CLNE,,100,3.73
2023-12-20,9:37:29.904376040,U,CLNE,,100,3.73
2023-12-20,9:37:29.904376134,U,CLNE,,100,3.73
2023-12-20,9:37:29.904377928,U,CLNE,,100,3.73
2023-12-20,9:37:29.904661910,Q,CLNE,,32,3.73
2023-12-20,9:37:29.904664391,X,CLNE,,2,3.73
2023-12-20,9:37:29.904712650,Q,CLNE,,67,3.73
2023-12-20,9:37:29.904715021,N,CLNE,,67,3.73
2023-12-20,9:37:29.904725215,P,CLNE,,100,3.73
2023-12-20,9:37:29.904725298,P,CLNE,,100,3.73
2023-12-20,9:37:29.904728774,P,CLNE,,100,3.73
2023-12-20,9:37:29.904728865,P,CLNE,,300,3.73
2023-12-20,9:37:29.904734488,P,CLNE,,100,3.73
2023-12-20,9:37:29.904759783,N,CLNE,,33,3.73
2023-12-20,9:37:29.904886032,H,CLNE,,67,3.73
2023-12-20,9:37:29.904886117,H,CLNE,,33,3.73
2023-12-20,9:37:29.904929661,Q,CLNE,,196,3.73
2023-12-20,9:37:29.904931303,Q,CLNE,,100,3.73
2023-12-20,9:37:29.904933586,Q,CLNE,,100,3.73
2023-12-20,9:37:29.904935462,Q,CLNE,,673,3.73
2023-12-20,9:37:29.906047135,D,CLNE,,11,3.73
2023-12-20,9:37:29.906248281,D,CLNE,,1,3.73
2023-12-20,9:37:36.823030315,Q,CLNE,,80,3.72
2023-12-20,9:37:36.823098513,Q,CLNE,,12,3.72
2023-12-20,9:37:36.823100955,Q,CLNE,,20,3.72
2023-12-20,9:37:36.823441435,U,CLNE,,100,3.72
2023-12-20,9:37:36.823443247,Q,CLNE,,500,3.72
2023-12-20,9:37:39.489057878,Q,CLNE,,2,3.72
2023-12-20,9:37:39.489621117,P,CLNE,,1,3.72
2023-12-20,9:37:39.489651696,P,CLNE,,300,3.72
2023-12-20,9:37:54.418606629,K,CLNE,,100,3.725
2023-12-20,9:38:11.859412103,J,CLNE,,100,3.73
2023-12-20,9:38:12.147133679,D,CLNE,,100,3.725
2023-12-20,9:38:12.767109840,Q,CLNE,,100,3.725
2023-12-20,9:38:16.039690032,Z,CLNE,,13,3.72
2023-12-20,9:38:18.878110733,C,CLNE,,1,3.73
2023-12-20,9:38:19.224594365,Q,CLNE,,100,3.73
2023-12-20,9:38:19.224597961,Q,CLNE,,100,3.73
2023-12-20,9:38:19.224667407,Q,CLNE,,100,3.73
2023-12-20,9:38:19.224669225,Q,CLNE,,200,3.73
2023-12-20,9:38:19.224733327,Z,CLNE,,100,3.73
2023-12-20,9:38:19.224827400,H,CLNE,,100,3.73
2023-12-20,9:38:19.224987471,N,CLNE,,100,3.73
2023-12-20,9:38:19.224998119,P,CLNE,,100,3.73
2023-12-20,9:38:19.225002366,P,CLNE,,100,3.73
2023-12-20,9:38:19.225002458,P,CLNE,,411,3.73
2023-12-20,9:38:19.231280114,J,CLNE,,100,3.73
2023-12-20,9:38:21.566209996,Q,CLNE,,100,3.73
2023-12-20,9:38:21.566221675,J,CLNE,,100,3.73
2023-12-20,9:38:21.566302523,U,CLNE,,100,3.73
2023-12-20,9:38:37.831316083,D,CLNE,,1,3.7312
2023-12-20,9:38:38.075504420,D,CLNE,,1,3.7312
2023-12-20,9:38:43.450323198,Q,CLNE,,10,3.73
2023-12-20,9:38:50.653644062,D,CLNE,,5,3.7312
2023-12-20,9:38:50.901232375,D,CLNE,,1,3.7312
2023-12-20,9:38:51.537045806,C,CLNE,,1,3.74
2023-12-20,9:38:53.917555041,D,CLNE,,3,3.7392
2023-12-20,9:38:55.999039327,D,CLNE,,5,3.7312
2023-12-20,9:39:00.149610437,Q,CLNE,,25,3.735
2023-12-20,9:39:03.957526066,Q,CLNE,,100,3.74
2023-12-20,9:39:03.957571957,Q,CLNE,,500,3.74
2023-12-20,9:39:03.957622821,U,CLNE,,100,3.74
2023-12-20,9:39:03.957956637,P,CLNE,,100,3.74
2023-12-20,9:39:03.957959123,P,CLNE,,5,3.74
2023-12-20,9:39:03.957959207,P,CLNE,,110,3.74
2023-12-20,9:39:03.958011439,D,CLNE,,100,3.74
2023-12-20,9:39:03.983558921,Z,CLNE,,100,3.74
2023-12-20,9:39:03.983562396,Z,CLNE,,100,3.74
2023-12-20,9:39:07.533309587,Q,CLNE,,200,3.74
2023-12-20,9:39:07.533351075,Q,CLNE,,500,3.74
2023-12-20,9:39:09.261208180,P,CLNE,,100,3.735
2023-12-20,9:39:11.784171803,Q,CLNE,,100,3.74
2023-12-20,9:39:11.784173372,Q,CLNE,,100,3.74
2023-12-20,9:39:11.784176051,Q,CLNE,,200,3.74
2023-12-20,9:39:11.784278351,K,CLNE,,100,3.74
2023-12-20,9:39:11.784407995,H,CLNE,,109,3.74
2023-12-20,9:39:11.784408072,H,CLNE,,891,3.74
2023-12-20,9:39:11.784742100,D,CLNE,,100,3.74
2023-12-20,9:39:19.077746459,J,CLNE,,100,3.74
2023-12-20,9:39:30.411313359,D,CLNE,,1,3.7312
2023-12-20,9:39:35.882103630,Q,CLNE,,99,3.74
2023-12-20,9:39:35.882133303,Q,CLNE,,1,3.74
2023-12-20,9:39:35.882142245,Q,CLNE,,200,3.74
2023-12-20,9:39:55.634224772,D,CLNE,,100,3.7391
2023-12-20,9:40:00.148092121,D,CLNE,,25,3.745
2023-12-20,9:40:05.093062103,P,CLNE,,27,3.74
2023-12-20,9:40:20.319465919,Q,CLNE,,100,3.74
2023-12-20,9:40:20.319480049,Q,CLNE,,500,3.74
2023-12-20,9:40:20.389383690,D,CLNE,,15,3.74
2023-12-20,9:40:23.336692357,D,CLNE,,593,3.7386
2023-12-20,9:40:23.347587935,D,CLNE,,1,3.735
2023-12-20,9:40:23.690671287,D,CLNE,,1,3.735
2023-12-20,9:40:24.247819792,D,CLNE,,4,3.735
2023-12-20,9:40:26.248430362,P,CLNE,,13,3.73
2023-12-20,9:40:26.763490941,D,CLNE,,2,3.7312
2023-12-20,9:40:27.008597469,D,CLNE,,1,3.7312
2023-12-20,9:40:33.608550517,D,CLNE,,1,3.735
2023-12-20,9:40:44.892984575,D,CLNE,,26,3.74
2023-12-20,9:41:00.131048545,Q,CLNE,,25,3.735
2023-12-20,9:41:00.143107271,D,CLNE,,100,3.735
2023-12-20,9:41:04.135187800,D,CLNE,,1,3.74
2023-12-20,9:41:04.135227960,Q,CLNE,,4,3.74
2023-12-20,9:41:04.135230268,Q,CLNE,,80,3.74
2023-12-20,9:41:04.135269526,Q,CLNE,,20,3.74
2023-12-20,9:41:04.135271069,Q,CLNE,,13,3.74
2023-12-20,9:41:04.135355967,D,CLNE,,15,3.74
2023-12-20,9:41:08.326466554,D,CLNE,,1,3.7401
2023-12-20,9:41:33.284685936,D,CLNE,,500,3.7488
2023-12-20,9:41:34.226136954,D,CLNE,,11,3.7488
2023-12-20,9:41:34.470633070,D,CLNE,,1,3.7488
2023-12-20,9:41:36.629884531,D,CLNE,,4,3.745
2023-12-20,9:41:40.589628741,D,CLNE,,2400,3.745
2023-12-20,9:42:00.238618658,D,CLNE,,25,3.745
2023-12-20,9:42:03.053225572,D,CLNE,,1,3.7488
2023-12-20,9:42:03.069753012,D,CLNE,,1,3.7488
2023-12-20,9:42:03.300517408,D,CLNE,,1,3.75
2023-12-20,9:42:07.141899098,D,CLNE,,1,3.745
2023-12-20,9:42:13.498709717,Y,CLNE,,1,3.75
2023-12-20,9:42:13.498713383,Y,CLNE,,1,3.75
2023-12-20,9:42:21.142162309,D,CLNE,,1,3.745
2023-12-20,9:42:21.147719660,Q,CLNE,,4,3.74
2023-12-20,9:42:21.147723325,Q,CLNE,,8,3.74
2023-12-20,9:42:21.147723837,Q,CLNE,,200,3.74
2023-12-20,9:42:21.147727697,Q,CLNE,,100,3.74
2023-12-20,9:42:21.147792049,Q,CLNE,,100,3.74
2023-12-20,9:42:21.148855394,D,CLNE,,11,3.74
2023-12-20,9:42:21.149312999,D,CLNE,,1,3.74
2023-12-20,9:42:21.214675797,D,CLNE,,2,3.74
2023-12-20,9:42:21.292615253,D,CLNE,,1,3.74
2023-12-20,9:42:25.561009650,D,CLNE,,1,3.73
2023-12-20,9:42:32.060454241,P,CLNE,,13,3.73
2023-12-20,9:42:36.549627101,D,CLNE,,11,3.735
2023-12-20,9:42:46.085676390,Q,CLNE,,100,3.735
2023-12-20,9:42:46.096693224,Q,CLNE,,190,3.73
2023-12-20,9:42:46.096695929,Q,CLNE,,100,3.73
2023-12-20,9:42:46.096697656,Q,CLNE,,13,3.73
2023-12-20,9:42:46.096699547,Q,CLNE,,300,3.73
2023-12-20,9:42:46.096706231,Q,CLNE,,100,3.73
2023-12-20,9:42:46.096708709,Q,CLNE,,270,3.73
2023-12-20,9:42:46.096810997,Z,CLNE,,100,3.73
2023-12-20,9:42:46.096814678,Z,CLNE,,100,3.73
2023-12-20,9:42:46.096925301,H,CLNE,,100,3.73
2023-12-20,9:42:46.097074397,N,CLNE,,200,3.73
2023-12-20,9:42:46.097086065,P,CLNE,,100,3.73
2023-12-20,9:42:46.097086151,P,CLNE,,100,3.73
2023-12-20,9:42:46.097086243,P,CLNE,,100,3.73
2023-12-20,9:42:46.097794014,D,CLNE,,11,3.73
2023-12-20,9:42:46.097875687,D,CLNE,,1,3.73
2023-12-20,9:42:46.098370019,J,CLNE,,100,3.73
2023-12-20,9:42:46.098962480,J,CLNE,,100,3.73
2023-12-20,9:42:52.786529841,K,CLNE,,100,3.725
2023-12-20,9:42:53.534968117,D,CLNE,,50,3.725
2023-12-20,9:42:55.672124803,D,CLNE,,7,3.7297
2023-12-20,9:43:18.585970436,D,CLNE,,2,3.725
2023-12-20,9:43:22.115840653,Q,CLNE,,3,3.725
2023-12-20,9:43:31.095810723,D,CLNE,,105,3.73
2023-12-20,9:43:31.096514357,D,CLNE,,5,3.725
2023-12-20,9:43:39.356160657,D,CLNE,,50,3.72
2023-12-20,9:43:39.360507658,V,CLNE,,1,3.715
2023-12-20,9:43:39.360974778,V,CLNE,,650,3.715
2023-12-20,9:43:39.361487497,V,CLNE,,650,3.715
2023-12-20,9:43:39.361580934,D,CLNE,,99,3.72
2023-12-20,9:43:39.361969212,V,CLNE,,600,3.715
2023-12-20,9:43:55.979771293,D,CLNE,,1,3.7112
2023-12-20,9:44:04.489257358,D,CLNE,,3,3.7112
2023-12-20,9:44:04.733520854,D,CLNE,,1,3.7112
2023-12-20,9:44:05.359387806,Q,CLNE,,9,3.715
2023-12-20,9:44:05.367384477,K,CLNE,,6,3.715
2023-12-20,9:44:05.367390277,K,CLNE,,100,3.715
2023-12-20,9:44:05.369170993,Z,CLNE,,100,3.715
2023-12-20,9:44:05.369174432,Z,CLNE,,85,3.715
2023-12-20,9:44:18.153910973,D,CLNE,,700,3.7188
2023-12-20,9:44:29.454740620,Q,CLNE,,7,3.705
2023-12-20,9:44:29.637533255,D,CLNE,,1,3.705
2023-12-20,9:44:31.784584241,D,CLNE,,100,3.705
2023-12-20,9:44:31.903245187,J,CLNE,,100,3.71
2023-12-20,9:44:31.932232720,K,CLNE,,6,3.705
2023-12-20,9:44:32.614781861,J,CLNE,,100,3.71
2023-12-20,9:44:41.602416787,K,CLNE,,12,3.705
2023-12-20,9:44:41.609987117,Q,CLNE,,11,3.705
2023-12-20,9:44:41.952192054,Q,CLNE,,8,3.71
2023-12-20,9:44:41.952194629,Q,CLNE,,7,3.71
2023-12-20,9:44:41.952243341,Q,CLNE,,300,3.71
2023-12-20,9:44:41.952328262,Z,CLNE,,6,3.71
2023-12-20,9:44:46.338961790,J,CLNE,,7,3.72
2023-12-20,9:44:46.394972043,Q,CLNE,,8,3.715
2023-12-20,9:44:46.396375716,K,CLNE,,11,3.715
2023-12-20,9:44:46.396946494,D,CLNE,,11,3.72
2023-12-20,9:44:46.398216925,Z,CLNE,,70,3.72
2023-12-20,9:44:47.704461359,D,CLNE,,100,3.72
2023-12-20,9:44:52.914569004,D,CLNE,,130,3.72
2023-12-20,9:44:55.390961305,D,CLNE,,100,3.72
2023-12-20,9:44:55.393380303,D,CLNE,,10,3.7157
2023-12-20,9:45:02.986217756,D,CLNE,,500,3.715
2023-12-20,9:45:02.988149273,D,CLNE,,700,3.715
2023-12-20,9:45:02.995929666,D,CLNE,,400,3.72
2023-12-20,9:45:02.998820584,Q,CLNE,,9,3.715
2023-12-20,9:45:02.998822463,Q,CLNE,,100,3.72
2023-12-20,9:45:02.998824487,Q,CLNE,,100,3.72
2023-12-20,9:45:02.998828558,Q,CLNE,,100,3.72
2023-12-20,9:45:02.998831835,Q,CLNE,,200,3.72
2023-12-20,9:45:02.998831928,Q,CLNE,,38,3.72
2023-12-20,9:45:02.998834745,Q,CLNE,,153,3.72
2023-12-20,9:45:02.999004257,Q,CLNE,,47,3.72
2023-12-20,9:45:02.999006569,Q,CLNE,,34,3.72
2023-12-20,9:45:02.999008431,Q,CLNE,,100,3.72
2023-12-20,9:45:02.999071714,K,CLNE,,9,3.715
2023-12-20,9:45:02.999079404,Z,CLNE,,10,3.72
2023-12-20,9:45:02.999086906,Z,CLNE,,100,3.72
2023-12-20,9:45:02.999088786,Z,CLNE,,4,3.72
2023-12-20,9:45:02.999100561,K,CLNE,,100,3.72
2023-12-20,9:45:02.999102721,H,CLNE,,100,3.72
2023-12-20,9:45:02.999102820,H,CLNE,,1000,3.72
2023-12-20,9:45:02.999102938,H,CLNE,,100,3.72
2023-12-20,9:45:02.999106708,K,CLNE,,100,3.72
2023-12-20,9:45:02.999122598,K,CLNE,,100,3.72
2023-12-20,9:45:02.999155581,U,CLNE,,200,3.72
2023-12-20,9:45:02.999155673,U,CLNE,,100,3.72
2023-12-20,9:45:02.999361664,P,CLNE,,100,3.72
2023-12-20,9:45:02.999361791,P,CLNE,,67,3.72
2023-12-20,9:45:02.999361935,P,CLNE,,292,3.72
2023-12-20,9:45:02.999368045,P,CLNE,,104,3.72
2023-12-20,9:45:02.999368618,A,CLNE,,100,3.72
2023-12-20,9:45:02.999371623,N,CLNE,,5,3.72
2023-12-20,9:45:02.999402653,P,CLNE,,12,3.72
2023-12-20,9:45:02.999402743,P,CLNE,,100,3.72
2023-12-20,9:45:03.000157646,Q,CLNE,,100,3.72
2023-12-20,9:45:03.000398010,Y,CLNE,,1,3.72
2023-12-20,9:45:03.052612059,Q,CLNE,,2,3.72
2023-12-20,9:45:03.052614399,Q,CLNE,,83,3.72
2023-12-20,9:45:03.052637908,Q,CLNE,,17,3.72
2023-12-20,9:45:03.052929619,Z,CLNE,,300,3.72
2023-12-20,9:45:03.052937011,K,CLNE,,700,3.72
2023-12-20,9:45:03.053038491,U,CLNE,,1,3.72
2023-12-20,9:45:03.053038623,U,CLNE,,200,3.72
2023-12-20,9:45:10.580784404,V,CLNE,,100,3.715
2023-12-20,9:45:10.581386207,V,CLNE,,650,3.715
2023-12-20,9:45:11.372327696,D,CLNE,,300,3.715
2023-12-20,9:45:11.674755413,D,CLNE,,99,3.715
2023-12-20,9:45:11.741992450,D,CLNE,,1,3.715
2023-12-20,9:45:11.824946645,J,CLNE,,100,3.71
2023-12-20,9:45:11.825076303,D,CLNE,,100,3.71
2023-12-20,9:45:11.825442552,Y,CLNE,,1,3.71
2023-12-20,9:45:13.494222817,D,CLNE,,10,3.7183
2023-12-20,9:45:15.377365377,D,CLNE,,50,3.7188
2023-12-20,9:45:23.142270123,D,CLNE,,200,3.715
2023-12-20,9:45:23.921693208,D,CLNE,,1,3.715
2023-12-20,9:45:24.436752367,D,CLNE,,1,3.71
2023-12-20,9:45:24.451007405,P,CLNE,,9,3.71
2023-12-20,9:45:25.168432487,D,CLNE,,4,3.715
2023-12-20,9:45:30.051497393,D,CLNE,,100,3.7252
2023-12-20,9:45:34.074855150,D,CLNE,,500,3.715
2023-12-20,9:45:34.076852379,D,CLNE,,55,3.715
2023-12-20,9:45:43.396103944,Q,CLNE,,13,3.71
2023-12-20,9:45:43.396106232,Q,CLNE,,100,3.71
2023-12-20,9:45:43.396108119,Q,CLNE,,50,3.71
2023-12-20,9:46:09.839830160,D,CLNE,,303,3.715
2023-12-20,9:46:19.664788314,N,CLNE,,100,3.72
2023-12-20,9:46:19.664830345,D,CLNE,,100,3.72
2023-12-20,9:46:19.943087344,K,CLNE,,100,3.72
2023-12-20,9:46:19.943090887,K,CLNE,,100,3.72
2023-12-20,9:46:19.943093651,K,CLNE,,100,3.72
2023-12-20,9:46:19.943096804,K,CLNE,,100,3.72
2023-12-20,9:46:24.155549376,D,CLNE,,200,3.7199
2023-12-20,9:46:24.260011642,Q,CLNE,,100,3.715
2023-12-20,9:46:24.270417059,Q,CLNE,,76,3.715
2023-12-20,9:46:39.675480419,D,CLNE,,100,3.72
2023-12-20,9:46:45.317677478,Q,CLNE,,1,3.72
2023-12-20,9:46:45.317679172,Q,CLNE,,1,3.72
2023-12-20,9:46:45.317682311,Q,CLNE,,100,3.72
2023-12-20,9:46:45.317683504,Q,CLNE,,100,3.72
2023-12-20,9:46:45.317687864,Q,CLNE,,100,3.72
2023-12-20,9:46:45.317708855,Q,CLNE,,200,3.72
2023-12-20,9:46:45.317712596,Q,CLNE,,100,3.72
2023-12-20,9:46:45.317714240,Q,CLNE,,100,3.72
2023-12-20,9:46:45.317716652,Q,CLNE,,100,3.72
2023-12-20,9:46:45.317965194,U,CLNE,,100,3.72
2023-12-20,9:46:45.317971831,Z,CLNE,,2,3.72
2023-12-20,9:46:45.317981539,U,CLNE,,100,3.72
2023-12-20,9:46:45.318224899,P,CLNE,,100,3.72
2023-12-20,9:46:45.318226814,P,CLNE,,200,3.72
2023-12-20,9:46:45.318382174,D,CLNE,,100,3.72
2023-12-20,9:46:45.791935654,P,CLNE,,100,3.72
2023-12-20,9:46:47.575177512,Q,CLNE,,192,3.72
2023-12-20,9:46:47.575180280,Q,CLNE,,8,3.72
2023-12-20,9:46:47.575182674,Q,CLNE,,100,3.72
2023-12-20,9:46:47.575292576,Z,CLNE,,1,3.72
2023-12-20,9:46:47.575326308,P,CLNE,,100,3.72
2023-12-20,9:47:04.933608761,Z,CLNE,,13,3.71
2023-12-20,9:47:05.675004670,Q,CLNE,,100,3.71
2023-12-20,9:47:05.675006257,Q,CLNE,,100,3.71
2023-12-20,9:47:25.177729298,D,CLNE,,200,3.7099
2023-12-20,9:47:58.538823898,D,CLNE,,203,3.705
2023-12-20,9:47:58.610237688,V,CLNE,,100,3.71
2023-12-20,9:47:58.611586526,D,CLNE,,100,3.71
2023-12-20,9:47:58.655994674,Q,CLNE,,100,3.71
2023-12-20,9:47:58.655996144,Q,CLNE,,100,3.71
2023-12-20,9:47:58.656028429,Q,CLNE,,100,3.71
2023-12-20,9:47:58.656030521,Q,CLNE,,10,3.71
2023-12-20,9:47:58.656032889,Q,CLNE,,100,3.71
2023-12-20,9:47:58.656045910,Q,CLNE,,500,3.705
2023-12-20,9:47:58.656583745,P,CLNE,,95,3.71
2023-12-20,9:47:58.656583835,P,CLNE,,110,3.71
2023-12-20,9:47:58.656586698,P,CLNE,,63,3.71
2023-12-20,9:47:58.656586839,P,CLNE,,84,3.71
2023-12-20,9:47:58.657610771,D,CLNE,,11,3.71
2023-12-20,9:47:58.657854602,D,CLNE,,1,3.71
2023-12-20,9:48:08.221594656,Q,CLNE,,1,3.71
2023-12-20,9:48:08.221597008,Q,CLNE,,100,3.71
2023-12-20,9:48:08.221599576,Q,CLNE,,100,3.71
2023-12-20,9:48:08.221927940,U,CLNE,,100,3.71
2023-12-20,9:48:08.221928017,U,CLNE,,100,3.71
2023-12-20,9:48:08.222167856,P,CLNE,,100,3.71
2023-12-20,9:48:08.222170284,P,CLNE,,100,3.71
2023-12-20,9:48:08.226884685,D,CLNE,,1,3.71
2023-12-20,9:48:11.034163718,D,CLNE,,18,3.7
2023-12-20,9:48:31.066055177,J,CLNE,,100,3.7
2023-12-20,9:48:31.069460941,D,CLNE,,1,3.7
2023-12-20,9:48:32.413395250,D,CLNE,,7,3.7088
2023-12-20,9:48:32.429977763,D,CLNE,,1,3.7088
2023-12-20,9:48:37.827630988,J,CLNE,,100,3.7
2023-12-20,9:48:38.381548735,D,CLNE,,50,3.705
2023-12-20,9:49:14.417974143,D,CLNE,,10,3.7083
2023-12-20,9:49:25.050510396,D,CLNE,,90,3.7139
2023-12-20,9:49:30.124341429,D,CLNE,,24,3.705
2023-12-20,9:49:33.851479186,D,CLNE,,300,3.7036
2023-12-20,9:49:46.005592930,D,CLNE,,3,3.7021
2023-12-20,9:49:46.338611074,Y,CLNE,,5,3.7
2023-12-20,9:49:53.042450376,Q,CLNE,,4,3.705
2023-12-20,9:50:02.708980882,D,CLNE,,1,3.705
2023-12-20,9:50:02.824874685,D,CLNE,,1,3.705
2023-12-20,9:50:03.818747346,D,CLNE,,4000,3.7001
2023-12-20,9:50:03.819257665,Q,CLNE,,15,3.7
2023-12-20,9:50:03.819259373,Q,CLNE,,12,3.7
2023-12-20,9:50:03.819261195,Q,CLNE,,100,3.7
2023-12-20,9:50:03.819263149,Q,CLNE,,100,3.7
2023-12-20,9:50:03.819267235,Q,CLNE,,100,3.7
2023-12-20,9:50:03.819269245,Q,CLNE,,100,3.7
2023-12-20,9:50:03.819271446,Q,CLNE,,73,3.7
2023-12-20,9:50:03.819313150,X,CLNE,,13,3.7
2023-12-20,9:50:03.819313713,Q,CLNE,,27,3.7
2023-12-20,9:50:03.819601860,K,CLNE,,200,3.7
2023-12-20,9:50:03.819607086,K,CLNE,,50,3.7
2023-12-20,9:50:03.819614622,K,CLNE,,100,3.7
2023-12-20,9:50:03.819865572,P,CLNE,,900,3.7
2023-12-20,9:50:03.820208788,D,CLNE,,11,3.7
2023-12-20,9:50:04.835315784,Q,CLNE,,300,3.7
2023-12-20,9:50:04.835317566,Q,CLNE,,1,3.7
2023-12-20,9:50:04.835319472,Q,CLNE,,100,3.7
2023-12-20,9:50:04.835321895,Q,CLNE,,100,3.7
2023-12-20,9:50:04.835400377,Z,CLNE,,200,3.7
2023-12-20,9:50:04.835402251,K,CLNE,,400,3.7
2023-12-20,9:50:04.835403227,Z,CLNE,,100,3.7
2023-12-20,9:50:04.835405155,Z,CLNE,,100,3.7
2023-12-20,9:50:04.835408882,Z,CLNE,,100,3.7
2023-12-20,9:50:04.835409832,K,CLNE,,100,3.7
2023-12-20,9:50:04.835415293,Z,CLNE,,100,3.7
2023-12-20,9:50:04.835417627,Z,CLNE,,300,3.7
2023-12-20,9:50:04.835489006,U,CLNE,,200,3.7
2023-12-20,9:50:04.835489104,U,CLNE,,200,3.7
2023-12-20,9:50:04.835489190,U,CLNE,,200,3.7
2023-12-20,9:50:04.835489311,U,CLNE,,200,3.7
2023-12-20,9:50:04.835497429,U,CLNE,,100,3.7
2023-12-20,9:50:04.835536205,Z,CLNE,,600,3.7
2023-12-20,9:50:04.835544261,H,CLNE,,1200,3.7
2023-12-20,9:50:04.835544344,H,CLNE,,100,3.7
2023-12-20,9:50:04.835544444,H,CLNE,,100,3.7
2023-12-20,9:50:04.835581954,H,CLNE,,100,3.7
2023-12-20,9:50:04.835624662,D,CLNE,,359,3.695
2023-12-20,9:50:04.835764449,P,CLNE,,200,3.7
2023-12-20,9:50:04.835768810,N,CLNE,,900,3.7
2023-12-20,9:50:04.835769457,A,CLNE,,100,3.7
2023-12-20,9:50:04.835769648,P,CLNE,,100,3.7
2023-12-20,9:50:04.835769733,P,CLNE,,100,3.7
2023-12-20,9:50:04.835769829,P,CLNE,,100,3.7
2023-12-20,9:50:04.835770315,C,CLNE,,99,3.7
2023-12-20,9:50:04.835772869,P,CLNE,,100,3.7
2023-12-20,9:50:04.835814409,D,CLNE,,100,3.7
2023-12-20,9:50:04.836040337,D,CLNE,,100,3.7
2023-12-20,9:50:04.836074514,J,CLNE,,81,3.71
2023-12-20,9:50:04.836551531,D,CLNE,,200,3.695
2023-12-20,9:50:04.836728979,D,CLNE,,100,3.7
2023-12-20,9:50:04.837900252,D,CLNE,,80,3.705
2023-12-20,9:50:05.334081186,Q,CLNE,,100,3.705
2023-12-20,9:50:05.334082892,Q,CLNE,,100,3.705
2023-12-20,9:50:05.334119174,Z,CLNE,,100,3.705
2023-12-20,9:50:05.334122207,Z,CLNE,,100,3.705
2023-12-20,9:50:05.334131873,K,CLNE,,100,3.705
2023-12-20,9:50:05.334140676,K,CLNE,,100,3.705
2023-12-20,9:50:05.334140866,U,CLNE,,200,3.705
2023-12-20,9:50:05.334239932,J,CLNE,,100,3.71
2023-12-20,9:50:05.334773541,D,CLNE,,4341,3.705
2023-12-20,9:50:05.338104499,D,CLNE,,100,3.71
2023-12-20,9:50:05.449693736,Q,CLNE,,100,3.71
2023-12-20,9:50:05.449695803,K,CLNE,,100,3.71
2023-12-20,9:50:05.449696013,Q,CLNE,,135,3.71
2023-12-20,9:50:05.449698105,Q,CLNE,,100,3.71
2023-12-20,9:50:05.449699365,Q,CLNE,,100,3.71
2023-12-20,9:50:05.449701192,K,CLNE,,100,3.71
2023-12-20,9:50:05.449711310,Q,CLNE,,83,3.71
2023-12-20,9:50:05.449711404,Q,CLNE,,110,3.71
2023-12-20,9:50:05.449711545,Q,CLNE,,400,3.71
2023-12-20,9:50:05.449711669,Q,CLNE,,100,3.71
2023-12-20,9:50:05.449722482,Q,CLNE,,128,3.71
2023-12-20,9:50:05.449722578,Q,CLNE,,628,3.71
2023-12-20,9:50:05.449722673,Q,CLNE,,628,3.71
2023-12-20,9:50:05.449723829,Q,CLNE,,293,3.71
2023-12-20,9:50:05.449732223,Q,CLNE,,500,3.71
2023-12-20,9:50:05.449811382,N,CLNE,,190,3.71
2023-12-20,9:50:05.449815021,U,CLNE,,200,3.71
2023-12-20,9:50:05.450136306,Q,CLNE,,223,3.71
2023-12-20,9:50:05.450182990,D,CLNE,,100,3.71
2023-12-20,9:50:05.747918581,D,CLNE,,100,3.715
2023-12-20,9:50:05.786090929,J,CLNE,,100,3.71
2023-12-20,9:50:13.176632225,D,CLNE,,100,3.715
2023-12-20,9:50:18.580494123,J,CLNE,,100,3.71
2023-12-20,9:50:23.410275066,J,CLNE,,100,3.71
2023-12-20,9:50:24.992415189,D,CLNE,,27,3.715
2023-12-20,9:50:25.376150617,D,CLNE,,1,3.715
2023-12-20,9:50:33.336783900,J,CLNE,,100,3.71
2023-12-20,9:50:33.653468957,Q,CLNE,,100,3.71
2023-12-20,9:50:33.653470714,Q,CLNE,,100,3.71
2023-12-20,9:50:33.653473124,Q,CLNE,,100,3.71
2023-12-20,9:50:33.653474991,Q,CLNE,,100,3.71
2023-12-20,9:50:33.653478482,Q,CLNE,,200,3.71
2023-12-20,9:50:33.654133890,K,CLNE,,100,3.71
2023-12-20,9:50:42.130842720,D,CLNE,,1000,3.702
2023-12-20,9:50:49.945387894,D,CLNE,,60,3.705
2023-12-20,9:51:05.025893061,V,CLNE,,1,3.705
2023-12-20,9:51:05.026372151,V,CLNE,,650,3.705
2023-12-20,9:51:12.149657836,D,CLNE,,4,3.705
2023-12-20,9:51:16.547554480,D,CLNE,,1,3.7
2023-12-20,9:51:16.548273390,D,CLNE,,1,3.7
2023-12-20,9:51:16.548474294,D,CLNE,,5,3.7
2023-12-20,9:51:23.042873619,Q,CLNE,,200,3.7
2023-12-20,9:51:23.042919265,Q,CLNE,,67,3.7
2023-12-20,9:51:23.042919357,Q,CLNE,,100,3.7
2023-12-20,9:51:23.043216007,Z,CLNE,,13,3.7
2023-12-20,9:51:23.043226644,K,CLNE,,100,3.7
2023-12-20,9:51:23.043464438,P,CLNE,,100,3.7
2023-12-20,9:51:23.043743047,D,CLNE,,6,3.7
2023-12-20,9:51:25.377635370,D,CLNE,,300,3.6999
2023-12-20,9:51:25.700984869,Y,CLNE,,100,3.7
2023-12-20,9:51:25.814345362,U,CLNE,,100,3.7
2023-12-20,9:51:38.116808749,D,CLNE,,9,3.695
2023-12-20,9:51:38.119147377,D,CLNE,,48,3.695
2023-12-20,9:51:49.331631530,D,CLNE,,1,3.6988
2023-12-20,9:51:49.331688764,D,CLNE,,6,3.6988
2023-12-20,9:51:49.565696195,D,CLNE,,1,3.7
2023-12-20,9:51:52.205578439,V,CLNE,,100,3.7
2023-12-20,9:51:52.205889383,Q,CLNE,,100,3.7
2023-12-20,9:51:52.205891431,Q,CLNE,,100,3.7
2023-12-20,9:51:52.205893885,Q,CLNE,,100,3.7
2023-12-20,9:51:52.205897037,Q,CLNE,,100,3.7
2023-12-20,9:51:52.205917936,Q,CLNE,,200,3.7
2023-12-20,9:51:52.205928653,Q,CLNE,,200,3.7
2023-12-20,9:51:52.205939546,Q,CLNE,,300,3.7
2023-12-20,9:51:52.205993433,Z,CLNE,,100,3.7
2023-12-20,9:51:52.206128099,H,CLNE,,100,3.7
2023-12-20,9:51:52.206128193,H,CLNE,,419,3.7
2023-12-20,9:51:52.206184131,D,CLNE,,100,3.7
2023-12-20,9:51:52.206271555,P,CLNE,,100,3.7
2023-12-20,9:51:52.206273659,N,CLNE,,100,3.7
2023-12-20,9:51:52.206467930,P,CLNE,,100,3.7
2023-12-20,9:51:52.206575496,D,CLNE,,100,3.7
2023-12-20,9:51:54.784193842,Q,CLNE,,100,3.7
2023-12-20,9:51:54.784195742,Q,CLNE,,100,3.7
2023-12-20,9:51:54.784229553,Q,CLNE,,100,3.7
2023-12-20,9:51:54.784232219,Q,CLNE,,100,3.7
2023-12-20,9:51:58.575784715,D,CLNE,,100,3.7001
2023-12-20,9:52:00.474503563,Q,CLNE,,100,3.7
2023-12-20,9:52:00.474507027,Q,CLNE,,100,3.7
2023-12-20,9:52:00.474527895,X,CLNE,,13,3.7
2023-12-20,9:52:00.474531932,K,CLNE,,4,3.7
2023-12-20,9:52:00.474539489,Q,CLNE,,100,3.7
2023-12-20,9:52:00.474549969,K,CLNE,,96,3.7
2023-12-20,9:52:00.474797837,H,CLNE,,100,3.7
2023-12-20,9:52:02.371927591,D,CLNE,,1,3.6912
2023-12-20,9:52:02.649188121,D,CLNE,,1,3.6912
2023-12-20,9:52:15.473178426,D,CLNE,,200,3.6999
2023-12-20,9:52:24.795916656,D,CLNE,,2,3.7
2023-12-20,9:52:43.539835091,J,CLNE,,100,3.69
2023-12-20,9:52:46.957250757,D,CLNE,,1000,3.6935
2023-12-20,9:53:02.460630372,D,CLNE,,100,3.7
2023-12-20,9:53:04.307659223,D,CLNE,,100,3.7
2023-12-20,9:53:06.942637208,Z,CLNE,,100,3.7
2023-12-20,9:53:16.594625517,D,CLNE,,300,3.695
2023-12-20,9:53:16.678688184,D,CLNE,,200,3.695
2023-12-20,9:53:23.868895310,D,CLNE,,1,3.69
2023-12-20,9:53:25.189894817,D,CLNE,,100,3.7
2023-12-20,9:53:25.190513153,D,CLNE,,400,3.695
2023-12-20,9:53:28.668484162,Z,CLNE,,100,3.7
2023-12-20,9:53:55.885213716,D,CLNE,,1,3.6912
2023-12-20,9:54:24.040257528,K,CLNE,,100,3.7
2023-12-20,9:54:24.040261084,K,CLNE,,100,3.7
2023-12-20,9:54:24.040274838,Q,CLNE,,7,3.7
2023-12-20,9:54:24.040276509,Q,CLNE,,100,3.7
2023-12-20,9:54:24.040278283,Q,CLNE,,100,3.7
2023-12-20,9:54:24.040283838,Q,CLNE,,7,3.7
2023-12-20,9:54:24.040283916,Q,CLNE,,100,3.7
2023-12-20,9:54:24.040286366,Z,CLNE,,100,3.7
2023-12-20,9:54:24.040288256,Q,CLNE,,400,3.7
2023-12-20,9:54:24.040288388,Q,CLNE,,100,3.7
2023-12-20,9:54:24.040290354,Z,CLNE,,100,3.7
2023-12-20,9:54:24.040294407,Z,CLNE,,100,3.7
2023-12-20,9:54:24.040385026,U,CLNE,,100,3.7
2023-12-20,9:54:24.040385117,U,CLNE,,200,3.7
2023-12-20,9:54:24.040385230,U,CLNE,,100,3.7
2023-12-20,9:54:24.040385327,U,CLNE,,100,3.7
2023-12-20,9:54:24.040585951,P,CLNE,,100,3.7
2023-12-20,9:54:24.040590564,P,CLNE,,100,3.7
2023-12-20,9:54:24.040590664,P,CLNE,,100,3.7
2023-12-20,9:54:24.040590743,P,CLNE,,100,3.7
2023-12-20,9:54:24.040594441,P,CLNE,,100,3.7
2023-12-20,9:54:24.040610683,Q,CLNE,,100,3.7
2023-12-20,9:54:24.040615896,N,CLNE,,300,3.7
2023-12-20,9:54:24.040636634,H,CLNE,,7,3.7
2023-12-20,9:54:24.040638840,H,CLNE,,338,3.7
2023-12-20,9:54:24.040954977,D,CLNE,,100,3.7
2023-12-20,9:54:24.041814162,D,CLNE,,75,3.705
2023-12-20,9:54:24.042668709,D,CLNE,,25,3.705
2023-12-20,9:54:24.042763969,D,CLNE,,1,3.705
2023-12-20,9:54:27.109538362,U,CLNE,,100,3.7
2023-12-20,9:54:27.241693343,D,CLNE,,1,3.7088
2023-12-20,9:54:28.723527739,Q,CLNE,,200,3.7
2023-12-20,9:54:28.723529385,Q,CLNE,,7,3.7
2023-12-20,9:54:28.723532160,Q,CLNE,,7,3.7
2023-12-20,9:54:28.723536300,Q,CLNE,,286,3.7
2023-12-20,9:54:28.723554210,Q,CLNE,,14,3.7
2023-12-20,9:54:28.723861198,J,CLNE,,100,3.7
2023-12-20,9:54:28.749530695,D,CLNE,,200,3.695
2023-12-20,9:54:28.750914037,D,CLNE,,1100,3.695
2023-12-20,9:54:28.818969108,D,CLNE,,2441,3.695
2023-12-20,9:54:42.925990302,D,CLNE,,100,3.695
2023-12-20,9:54:44.333787096,D,CLNE,,30,3.6983
2023-12-20,9:55:13.823552311,D,CLNE,,2,3.6905
2023-12-20,9:55:18.707454982,D,CLNE,,100,3.7033
2023-12-20,9:55:28.386604744,D,CLNE,,300,3.7
2023-12-20,9:55:31.622611690,D,CLNE,,1,3.695
2023-12-20,9:55:41.773614706,D,CLNE,,50,3.6983
2023-12-20,9:55:46.480555834,Z,CLNE,,100,3.69
2023-12-20,9:55:48.278206633,D,CLNE,,50,3.6963
2023-12-20,9:55:48.989713335,N,CLNE,,43,3.69
2023-12-20,9:55:49.032568351,J,CLNE,,20,3.7
2023-12-20,9:55:49.032574177,J,CLNE,,8,3.7
2023-12-20,9:55:49.099040566,D,CLNE,,200,3.695
2023-12-20,9:55:49.194644248,D,CLNE,,200,3.695
2023-12-20,9:55:51.989469055,J,CLNE,,21,3.7
2023-12-20,9:55:52.083298974,D,CLNE,,200,3.695
2023-12-20,9:55:56.224707985,D,CLNE,,1,3.695
2023-12-20,9:56:07.519713597,D,CLNE,,50,3.6983
2023-12-20,9:56:07.711018530,D,CLNE,,150,3.6995
2023-12-20,9:56:18.070398392,D,CLNE,,660,3.6901
2023-12-20,9:56:18.914700863,D,CLNE,,1,3.69
2023-12-20,9:56:18.914886968,D,CLNE,,11,3.69
2023-12-20,9:56:18.915162688,D,CLNE,,1,3.69
2023-12-20,9:56:18.915674018,D,CLNE,,11,3.69
2023-12-20,9:56:18.916036654,V,CLNE,,6,3.69
2023-12-20,9:56:18.916962859,X,CLNE,,13,3.69
2023-12-20,9:56:18.916965349,Q,CLNE,,100,3.69
2023-12-20,9:56:18.916967276,Q,CLNE,,100,3.69
2023-12-20,9:56:18.916970599,Q,CLNE,,200,3.69
2023-12-20,9:56:18.916972990,Q,CLNE,,200,3.69
2023-12-20,9:56:18.916973493,K,CLNE,,6,3.69
2023-12-20,9:56:18.917248682,K,CLNE,,130,3.69
2023-12-20,9:56:18.917283221,K,CLNE,,64,3.69
2023-12-20,9:56:18.917300012,K,CLNE,,50,3.69
2023-12-20,9:56:18.917338692,P,CLNE,,50,3.69
2023-12-20,9:56:18.917338777,P,CLNE,,50,3.69
2023-12-20,9:56:18.917373393,P,CLNE,,50,3.69
2023-12-20,9:56:18.917373487,P,CLNE,,50,3.69
2023-12-20,9:56:24.399558638,K,CLNE,,1000,3.685
2023-12-20,9:56:27.290374281,D,CLNE,,200,3.6899
2023-12-20,9:56:27.291460112,D,CLNE,,100,3.685
2023-12-20,9:56:28.065929603,D,CLNE,,700,3.684
2023-12-20,9:56:29.879620913,D,CLNE,,1,3.69
2023-12-20,9:56:38.117121739,D,CLNE,,12,3.685
2023-12-20,9:56:38.119978866,D,CLNE,,66,3.685
2023-12-20,9:56:46.647649621,D,CLNE,,953,3.69
2023-12-20,9:56:46.778835828,D,CLNE,,1,3.685
2023-12-20,9:56:53.694479491,D,CLNE,,2,3.6883
2023-12-20,9:56:53.875104181,D,CLNE,,1,3.685
2023-12-20,9:57:14.842454862,Q,CLNE,,100,3.68
2023-12-20,9:57:14.842456531,Q,CLNE,,100,3.68
2023-12-20,9:57:14.842459004,Q,CLNE,,200,3.68
2023-12-20,9:57:14.842777517,K,CLNE,,50,3.68
2023-12-20,9:57:14.842789343,K,CLNE,,2,3.68
2023-12-20,9:57:14.843013211,P,CLNE,,100,3.68
2023-12-20,9:57:14.843663956,D,CLNE,,1,3.68
2023-12-20,9:57:14.843854924,D,CLNE,,11,3.68
2023-12-20,9:57:14.855350710,K,CLNE,,100,3.675
2023-12-20,9:57:18.292513314,K,CLNE,,100,3.675
2023-12-20,9:57:31.012933556,J,CLNE,,12,3.67
2023-12-20,9:57:31.131699697,D,CLNE,,1,3.67
2023-12-20,9:57:36.566324030,Z,CLNE,,13,3.67
2023-12-20,9:57:38.734983962,D,CLNE,,1100,3.675
2023-12-20,9:57:38.847068603,D,CLNE,,1900,3.675
2023-12-20,9:57:43.905276601,J,CLNE,,100,3.68
2023-12-20,9:57:43.905286300,J,CLNE,,9,3.68
2023-12-20,9:57:43.913954372,J,CLNE,,6,3.68
2023-12-20,9:57:43.915039860,V,CLNE,,100,3.675
2023-12-20,9:57:43.922809768,Q,CLNE,,10,3.675
2023-12-20,9:57:43.933689424,K,CLNE,,8,3.675
2023-12-20,9:57:47.353445398,Y,CLNE,,9,3.68
2023-12-20,9:57:47.361733557,Q,CLNE,,7,3.675
2023-12-20,9:57:52.168648863,Q,CLNE,,100,3.68
2023-12-20,9:57:52.168650692,Q,CLNE,,100,3.68
2023-12-20,9:57:52.168653077,Q,CLNE,,100,3.68
2023-12-20,9:57:52.168654906,Q,CLNE,,100,3.68
2023-12-20,9:57:52.168658802,Q,CLNE,,100,3.68
2023-12-20,9:57:52.168660823,Q,CLNE,,300,3.68
2023-12-20,9:57:52.168662966,Q,CLNE,,100,3.68
2023-12-20,9:57:52.168689393,Q,CLNE,,100,3.68
2023-12-20,9:57:52.168691284,Q,CLNE,,400,3.68
2023-12-20,9:57:52.168759349,K,CLNE,,100,3.68
2023-12-20,9:57:52.168885958,Z,CLNE,,10,3.68
2023-12-20,9:57:52.168897926,U,CLNE,,45,3.68
2023-12-20,9:57:52.168971386,H,CLNE,,100,3.68
2023-12-20,9:57:52.168973303,H,CLNE,,387,3.68
2023-12-20,9:57:52.168996787,V,CLNE,,10,3.68
2023-12-20,9:57:52.169056141,V,CLNE,,12,3.68
2023-12-20,9:57:52.169140540,P,CLNE,,200,3.68
2023-12-20,9:57:52.169147861,Q,CLNE,,100,3.68
2023-12-20,9:57:52.169150057,N,CLNE,,200,3.68
2023-12-20,9:57:52.169241329,V,CLNE,,5,3.68
2023-12-20,9:57:52.169261809,V,CLNE,,7,3.68
2023-12-20,9:57:52.169333566,D,CLNE,,100,3.68
2023-12-20,9:57:52.169446965,D,CLNE,,100,3.68
2023-12-20,9:57:52.169471183,V,CLNE,,66,3.68
2023-12-20,9:57:52.171238470,D,CLNE,,100,3.685
2023-12-20,9:57:52.171332975,D,CLNE,,20,3.685
2023-12-20,9:57:54.100455861,U,CLNE,,6,3.68
2023-12-20,9:57:59.393458012,D,CLNE,,520,3.69
2023-12-20,9:58:10.651066707,D,CLNE,,12,3.6883
2023-12-20,9:58:12.238083210,Q,CLNE,,100,3.685
2023-12-20,9:58:12.238293847,D,CLNE,,100,3.685
2023-12-20,9:58:21.414177183,D,CLNE,,12,3.6883
2023-12-20,9:58:21.986826495,C,CLNE,,65,3.69
2023-12-20,9:58:22.535725961,J,CLNE,,10,3.69
2023-12-20,9:58:31.704730890,J,CLNE,,100,3.69
2023-12-20,9:58:32.277440256,D,CLNE,,200,3.685
2023-12-20,9:58:33.948601388,J,CLNE,,100,3.69
2023-12-20,9:58:35.355043342,K,CLNE,,5,3.685
2023-12-20,9:58:35.357376972,D,CLNE,,200,3.685
2023-12-20,9:58:35.886765008,D,CLNE,,12,3.6897
2023-12-20,9:58:53.295554948,D,CLNE,,200,3.687
2023-12-20,9:58:53.296686895,D,CLNE,,200,3.68
2023-12-20,9:59:01.121136768,Q,CLNE,,11,3.685
2023-12-20,9:59:01.121138424,Q,CLNE,,100,3.69
2023-12-20,9:59:01.121140997,Q,CLNE,,100,3.69
2023-12-20,9:59:01.121142831,Q,CLNE,,89,3.69
2023-12-20,9:59:01.121238227,Z,CLNE,,100,3.69
2023-12-20,9:59:01.121240904,K,CLNE,,100,3.69
2023-12-20,9:59:01.121242134,Z,CLNE,,100,3.69
2023-12-20,9:59:01.121245994,Z,CLNE,,5,3.69
2023-12-20,9:59:01.121250099,U,CLNE,,142,3.69
2023-12-20,9:59:01.121250191,U,CLNE,,200,3.69
2023-12-20,9:59:01.121250329,U,CLNE,,45,3.69
2023-12-20,9:59:01.121250468,U,CLNE,,21,3.69
2023-12-20,9:59:01.121254899,Z,CLNE,,10,3.69
2023-12-20,9:59:01.121296689,Y,CLNE,,25,3.69
2023-12-20,9:59:01.121343556,Y,CLNE,,44,3.69
2023-12-20,9:59:01.121370538,H,CLNE,,100,3.69
2023-12-20,9:59:01.121394582,Y,CLNE,,31,3.69
2023-12-20,9:59:01.121469947,Q,CLNE,,11,3.69
2023-12-20,9:59:01.121471544,Q,CLNE,,90,3.69
2023-12-20,9:59:01.121525504,Q,CLNE,,10,3.69
2023-12-20,9:59:01.121529896,P,CLNE,,100,3.69
2023-12-20,9:59:01.121529989,P,CLNE,,100,3.69
2023-12-20,9:59:01.121531010,N,CLNE,,200,3.69
2023-12-20,9:59:01.121571754,N,CLNE,,100,3.69
2023-12-20,9:59:01.121606765,D,CLNE,,400,3.685
2023-12-20,9:59:01.121641718,P,CLNE,,100,3.69
2023-12-20,9:59:01.121641825,P,CLNE,,3,3.69
2023-12-20,9:59:01.121894993,D,CLNE,,100,3.69
2023-12-20,9:59:01.122129739,D,CLNE,,100,3.69
2023-12-20,9:59:01.122245924,N,CLNE,,103,3.69
2023-12-20,9:59:01.122253822,N,CLNE,,398,3.69
2023-12-20,9:59:01.122257235,P,CLNE,,200,3.69
2023-12-20,9:59:01.122257354,P,CLNE,,300,3.69
2023-12-20,9:59:01.122257555,P,CLNE,,100,3.69
2023-12-20,9:59:01.122257685,P,CLNE,,100,3.69
2023-12-20,9:59:01.122273445,D,CLNE,,35,3.69
2023-12-20,9:59:01.122289476,Q,CLNE,,100,3.69
2023-12-20,9:59:01.122295602,P,CLNE,,100,3.69
2023-12-20,9:59:01.122300312,P,CLNE,,100,3.69
2023-12-20,9:59:01.122379080,D,CLNE,,100,3.69
2023-12-20,9:59:01.122389323,Q,CLNE,,100,3.69
2023-12-20,9:59:01.122425136,Q,CLNE,,100,3.69
2023-12-20,9:59:01.122446031,Q,CLNE,,300,3.69
2023-12-20,9:59:01.122448494,Q,CLNE,,100,3.69
2023-12-20,9:59:01.122450121,Q,CLNE,,100,3.69
2023-12-20,9:59:01.122453820,Q,CLNE,,100,3.69
2023-12-20,9:59:01.122495087,Y,CLNE,,6,3.685
2023-12-20,9:59:01.123198818,D,CLNE,,11,3.69
2023-12-20,9:59:01.123417618,D,CLNE,,1,3.69
2023-12-20,9:59:04.110063269,Z,CLNE,,6,3.68
2023-12-20,9:59:04.110434864,D,CLNE,,50,3.685
2023-12-20,9:59:09.794459990,D,CLNE,,25,3.6883
2023-12-20,9:59:30.271467642,D,CLNE,,2,3.6822
2023-12-20,9:59:32.894013923,D,CLNE,,100,3.685
2023-12-20,9:59:36.607005341,D,CLNE,,500,3.6899
2023-12-20,9:59:50.389044304,J,CLNE,,5,3.685
2023-12-20,9:59:58.583065118,D,CLNE,,100,3.6849
2023-12-20,10:00:00.772694511,D,CLNE,,200,3.685
2023-12-20,10:00:00.806768269,D,CLNE,,200,3.685
2023-12-20,10:00:07.136226854,D,CLNE,,100,3.6899
2023-12-20,10:00:10.076619861,J,CLNE,,45,3.69
2023-12-20,10:00:10.077779149,D,CLNE,,1300,3.685
2023-12-20,10:00:10.077985989,D,CLNE,,1300,3.685
2023-12-20,10:00:10.078207891,D,CLNE,,300,3.685
2023-12-20,10:00:11.709419937,D,CLNE,,11,3.68
2023-12-20,10:00:11.709558707,D,CLNE,,11,3.68
2023-12-20,10:00:11.709673702,D,CLNE,,1,3.68
2023-12-20,10:00:11.710061178,D,CLNE,,1,3.68
2023-12-20,10:00:11.710345103,D,CLNE,,76,3.68
2023-12-20,10:00:16.484146407,D,CLNE,,1,3.6896
2023-12-20,10:00:21.034130061,D,CLNE,,1000,3.685
2023-12-20,10:00:21.034310398,D,CLNE,,100,3.685
2023-12-20,10:00:21.035807087,D,CLNE,,700,3.685
2023-12-20,10:00:23.280888391,D,CLNE,,600,3.685
2023-12-20,10:00:23.283717609,D,CLNE,,500,3.685
2023-12-20,10:00:23.285635730,D,CLNE,,400,3.685
2023-12-20,10:00:25.352872974,D,CLNE,,300,3.685
2023-12-20,10:00:25.354400554,D,CLNE,,311,3.685
2023-12-20,10:00:25.367351809,D,CLNE,,200,3.685
2023-12-20,10:00:25.378841123,D,CLNE,,200,3.685
2023-12-20,10:00:30.016510723,D,CLNE,,200,3.685
2023-12-20,10:00:30.018046633,D,CLNE,,1700,3.685
2023-12-20,10:00:30.024181977,D,CLNE,,300,3.685
2023-12-20,10:00:31.204613445,Q,CLNE,,1,3.69
2023-12-20,10:00:31.204615065,Q,CLNE,,67,3.69
2023-12-20,10:00:31.204617370,Q,CLNE,,100,3.69
2023-12-20,10:00:31.204619353,Q,CLNE,,100,3.69
2023-12-20,10:00:31.204641032,Q,CLNE,,200,3.69
2023-12-20,10:00:31.204642757,Q,CLNE,,100,3.69
2023-12-20,10:00:31.204645168,Q,CLNE,,100,3.69
2023-12-20,10:00:31.204647002,Q,CLNE,,100,3.69
2023-12-20,10:00:31.204914079,U,CLNE,,44,3.69
2023-12-20,10:00:31.204914160,U,CLNE,,100,3.69
2023-12-20,10:00:31.204985807,J,CLNE,,200,3.69
2023-12-20,10:00:31.205057179,H,CLNE,,25,3.69
2023-12-20,10:00:31.205057286,H,CLNE,,390,3.69
2023-12-20,10:00:31.205088066,N,CLNE,,96,3.69
2023-12-20,10:00:31.205118507,N,CLNE,,204,3.69
2023-12-20,10:00:31.205172116,P,CLNE,,300,3.69
2023-12-20,10:00:31.205172207,P,CLNE,,100,3.69
2023-12-20,10:00:31.205428048,Q,CLNE,,100,3.69
2023-12-20,10:00:31.206077115,N,CLNE,,100,3.69
2023-12-20,10:00:31.207310359,Q,CLNE,,100,3.69
2023-12-20,10:00:31.207405132,D,CLNE,,100,3.695
2023-12-20,10:00:31.207452032,Q,CLNE,,100,3.69
2023-12-20,10:00:31.241593693,Q,CLNE,,100,3.69
2023-12-20,10:00:36.018345872,D,CLNE,,83,3.6912
2023-12-20,10:00:36.018430717,D,CLNE,,90,3.6912
2023-12-20,10:00:40.209339691,Q,CLNE,,5,3.69
2023-12-20,10:00:40.209341353,Q,CLNE,,86,3.69
2023-12-20,10:00:40.209345924,Q,CLNE,,14,3.69
2023-12-20,10:00:40.209349377,Q,CLNE,,400,3.69
2023-12-20,10:00:40.209351083,Q,CLNE,,100,3.69
2023-12-20,10:00:40.209353723,Q,CLNE,,100,3.69
2023-12-20,10:00:40.209355716,Q,CLNE,,100,3.69
2023-12-20,10:00:40.209464182,K,CLNE,,800,3.69
2023-12-20,10:00:40.209481083,N,CLNE,,94,3.69
2023-12-20,10:00:40.209509961,N,CLNE,,210,3.69
2023-12-20,10:00:40.209574218,U,CLNE,,100,3.69
2023-12-20,10:00:40.209594332,H,CLNE,,41,3.69
2023-12-20,10:00:40.209597825,P,CLNE,,400,3.69
2023-12-20,10:00:40.226466556,D,CLNE,,100,3.685
2023-12-20,10:00:48.722541505,D,CLNE,,3,3.69
2023-12-20,10:00:56.665343259,D,CLNE,,60,3.68
2023-12-20,10:01:09.329678364,D,CLNE,,1,3.69
2023-12-20,10:01:09.880056598,D,CLNE,,1,3.68
2023-12-20,10:01:38.116928343,D,CLNE,,20,3.685
2023-12-20,10:01:38.118017079,D,CLNE,,106,3.685
2023-12-20,10:01:53.193466634,D,CLNE,,100,3.6892
2023-12-20,10:01:59.819121812,Z,CLNE,,100,3.69
2023-12-20,10:01:59.819138160,Q,CLNE,,100,3.69
2023-12-20,10:01:59.819139178,Q,CLNE,,5,3.69
2023-12-20,10:01:59.819140897,Q,CLNE,,100,3.69
2023-12-20,10:01:59.819143126,Q,CLNE,,1,3.69
2023-12-20,10:01:59.819149051,Q,CLNE,,100,3.69
2023-12-20,10:01:59.819149135,Q,CLNE,,100,3.69
2023-12-20,10:01:59.819157100,Q,CLNE,,400,3.69
2023-12-20,10:01:59.819193689,P,CLNE,,100,3.69
2023-12-20,10:01:59.819226033,N,CLNE,,300,3.69
2023-12-20,10:01:59.819459626,U,CLNE,,67,3.69
2023-12-20,10:01:59.820532177,N,CLNE,,100,3.69
2023-12-20,10:01:59.821390034,Z,CLNE,,100,3.69
2023-12-20,10:01:59.821776049,J,CLNE,,100,3.695
2023-12-20,10:01:59.822000334,V,CLNE,,100,3.695
2023-12-20,10:02:04.470130457,D,CLNE,,100,3.7
2023-12-20,10:02:06.140235039,D,CLNE,,140,3.7
2023-12-20,10:02:09.703561613,D,CLNE,,1000,3.695
2023-12-20,10:02:14.953559765,D,CLNE,,50,3.6984
2023-12-20,10:02:36.476389160,D,CLNE,,2,3.6988
2023-12-20,10:02:36.730991795,D,CLNE,,1,3.6988
2023-12-20,10:02:37.135055397,Y,CLNE,,1,3.7
2023-12-20,10:02:40.197874609,D,CLNE,,100,3.7
2023-12-20,10:02:40.200478257,D,CLNE,,15,3.6975
2023-12-20,10:02:40.278079352,D,CLNE,,1,3.6988
2023-12-20,10:02:40.294618746,D,CLNE,,2,3.6988
2023-12-20,10:02:41.617089155,N,CLNE,,100,3.7
2023-12-20,10:02:45.623246198,D,CLNE,,500,3.7
2023-12-20,10:02:48.458688803,D,CLNE,,3000,3.6901
2023-12-20,10:02:49.654393186,J,CLNE,,100,3.7
2023-12-20,10:02:53.471712162,D,CLNE,,1586,3.7
2023-12-20,10:02:54.049072745,D,CLNE,,540,3.6997
2023-12-20,10:02:58.196690392,D,CLNE,,100,3.7
2023-12-20,10:03:04.347618349,J,CLNE,,200,3.7
2023-12-20,10:03:04.349433307,D,CLNE,,1,3.7
2023-12-20,10:03:04.351971691,N,CLNE,,87,3.7
2023-12-20,10:03:04.352151364,D,CLNE,,11,3.7
2023-12-20,10:03:04.352240242,D,CLNE,,100,3.7
2023-12-20,10:03:04.352327238,D,CLNE,,1,3.7
2023-12-20,10:03:04.377428318,Q,CLNE,,100,3.7
2023-12-20,10:03:04.377430012,Q,CLNE,,100,3.7
2023-12-20,10:03:04.377431982,Q,CLNE,,100,3.7
2023-12-20,10:03:04.377433726,Q,CLNE,,11,3.7
2023-12-20,10:03:04.377437514,Q,CLNE,,100,3.7
2023-12-20,10:03:04.377461086,Q,CLNE,,311,3.7
2023-12-20,10:03:04.377469579,Q,CLNE,,189,3.7
2023-12-20,10:03:04.377471352,Q,CLNE,,122,3.7
2023-12-20,10:03:04.377474492,Q,CLNE,,278,3.7
2023-12-20,10:03:04.377539028,Z,CLNE,,142,3.7
2023-12-20,10:03:04.377664172,H,CLNE,,100,3.7
2023-12-20,10:03:04.377664251,H,CLNE,,63,3.7
2023-12-20,10:03:04.377808480,N,CLNE,,100,3.7
2023-12-20,10:03:04.377812825,P,CLNE,,38,3.7
2023-12-20,10:03:04.378123274,D,CLNE,,100,3.7
2023-12-20,10:03:04.378335135,D,CLNE,,100,3.7
2023-12-20,10:03:04.378375722,D,CLNE,,100,3.7
2023-12-20,10:03:04.492273858,D,CLNE,,100,3.7
2023-12-20,10:03:13.944245281,C,CLNE,,100,3.71
2023-12-20,10:03:14.008749038,J,CLNE,,1,3.71
2023-12-20,10:03:37.944887143,D,CLNE,,1000,3.7076
2023-12-20,10:03:39.956696799,D,CLNE,,100,3.71
2023-12-20,10:03:39.956902626,D,CLNE,,100,3.71
2023-12-20,10:03:40.503192148,D,CLNE,,100,3.71
2023-12-20,10:03:41.510724563,D,CLNE,,16,3.71
2023-12-20,10:03:41.510896995,D,CLNE,,1,3.71
2023-12-20,10:03:41.511035233,Q,CLNE,,100,3.71
2023-12-20,10:03:41.511037130,Q,CLNE,,100,3.71
2023-12-20,10:03:41.511050171,Q,CLNE,,100,3.71
2023-12-20,10:03:41.511052551,Q,CLNE,,100,3.71
2023-12-20,10:03:41.511056246,Q,CLNE,,100,3.71
2023-12-20,10:03:41.511128103,N,CLNE,,83,3.71
2023-12-20,10:03:41.511340138,H,CLNE,,94,3.71
2023-12-20,10:03:41.511462797,N,CLNE,,17,3.71
2023-12-20,10:03:41.511779043,K,CLNE,,24,3.715
2023-12-20,10:03:41.512495815,D,CLNE,,100,3.715
2023-12-20,10:03:59.873386032,D,CLNE,,29,3.71
2023-12-20,10:04:10.694031358,Q,CLNE,,400,3.71
2023-12-20,10:04:10.694031538,X,CLNE,,30,3.71
2023-12-20,10:04:10.694032701,Q,CLNE,,400,3.71
2023-12-20,10:04:10.694254625,H,CLNE,,100,3.71
2023-12-20,10:04:10.694426441,P,CLNE,,200,3.71
2023-12-20,10:04:10.694429598,P,CLNE,,100,3.71
2023-12-20,10:04:10.694561718,D,CLNE,,29,3.71
2023-12-20,10:04:15.461039909,J,CLNE,,100,3.71
2023-12-20,10:04:22.079577607,D,CLNE,,85,3.7088
2023-12-20,10:04:22.096169872,D,CLNE,,49,3.7088
2023-12-20,10:04:22.096254459,D,CLNE,,1,3.7088
2023-12-20,10:04:33.151789078,D,CLNE,,500,3.7034
2023-12-20,10:04:37.811440480,D,CLNE,,1700,3.705
2023-12-20,10:05:02.244216093,J,CLNE,,100,3.71
2023-12-20,10:05:04.376771459,N,CLNE,,188,3.71
2023-12-20,10:05:04.376854623,D,CLNE,,11,3.71
2023-12-20,10:05:04.377026522,D,CLNE,,1,3.71
2023-12-20,10:05:05.056258240,D,CLNE,,100,3.71
2023-12-20,10:05:07.736409529,D,CLNE,,100,3.71
2023-12-20,10:05:07.737928204,D,CLNE,,357,3.705
2023-12-20,10:05:07.740073720,D,CLNE,,300,3.705
2023-12-20,10:05:12.380723584,H,CLNE,,100,3.71
2023-12-20,10:05:16.893820120,D,CLNE,,100,3.71
2023-12-20,10:05:20.870909245,Q,CLNE,,10,3.71
2023-12-20,10:05:20.870911210,Q,CLNE,,100,3.71
2023-12-20,10:05:20.870912843,Q,CLNE,,100,3.71
2023-12-20,10:05:20.870917106,Q,CLNE,,100,3.71
2023-12-20,10:05:20.870919395,Q,CLNE,,14,3.71
2023-12-20,10:05:20.870936674,Q,CLNE,,200,3.71
2023-12-20,10:05:20.871211590,Z,CLNE,,13,3.71
2023-12-20,10:05:20.871328999,H,CLNE,,400,3.71
2023-12-20,10:05:20.871329097,H,CLNE,,341,3.71
2023-12-20,10:05:20.871329180,H,CLNE,,200,3.71
2023-12-20,10:05:20.871683561,D,CLNE,,100,3.71
2023-12-20,10:05:20.875449839,D,CLNE,,400,3.71
2023-12-20,10:05:20.875812998,D,CLNE,,8000,3.71
2023-12-20,10:05:20.876135012,D,CLNE,,400,3.71
2023-12-20,10:05:21.835772572,D,CLNE,,100,3.715
2023-12-20,10:05:27.200369262,V,CLNE,,100,3.715
2023-12-20,10:05:43.444979038,D,CLNE,,658,3.715
2023-12-20,10:05:52.440543110,D,CLNE,,500,3.7188
2023-12-20,10:05:56.378726930,V,CLNE,,13,3.72
2023-12-20,10:06:00.549186502,D,CLNE,,256,3.7175
2023-12-20,10:06:04.665827616,Q,CLNE,,99,3.72
2023-12-20,10:06:04.941819130,D,CLNE,,1,3.72
2023-12-20,10:06:04.973122176,D,CLNE,,100,3.72
2023-12-20,10:06:04.987991092,D,CLNE,,5,3.72
2023-12-20,10:06:05.668289014,D,CLNE,,11,3.72
2023-12-20,10:06:05.668479331,D,CLNE,,89,3.72
2023-12-20,10:06:06.295500469,D,CLNE,,100,3.72
2023-12-20,10:06:08.423305507,Q,CLNE,,1,3.72
2023-12-20,10:06:08.423307606,Q,CLNE,,12,3.72
2023-12-20,10:06:08.423310019,Q,CLNE,,100,3.72
2023-12-20,10:06:08.423401567,Z,CLNE,,20,3.72
2023-12-20,10:06:08.423404656,K,CLNE,,10,3.72
2023-12-20,10:06:08.423425094,U,CLNE,,300,3.72
2023-12-20,10:06:08.423426269,K,CLNE,,100,3.72
2023-12-20,10:06:08.423467430,U,CLNE,,200,3.72
2023-12-20,10:06:08.423467531,U,CLNE,,100,3.72
2023-12-20,10:06:08.423523325,H,CLNE,,100,3.72
2023-12-20,10:06:08.423523425,H,CLNE,,55,3.72
2023-12-20,10:06:08.423765595,N,CLNE,,100,3.72
2023-12-20,10:06:08.423935666,D,CLNE,,100,3.72
2023-12-20,10:06:08.424058352,Q,CLNE,,100,3.72
2023-12-20,10:06:08.424234126,D,CLNE,,1,3.72
2023-12-20,10:06:08.424509938,D,CLNE,,11,3.72
2023-12-20,10:06:09.025768159,D,CLNE,,13,3.725
2023-12-20,10:06:20.876157714,D,CLNE,,1000,3.7203
2023-12-20,10:06:22.296063705,N,CLNE,,9,3.72
2023-12-20,10:06:22.883193051,Q,CLNE,,20,3.72
2023-12-20,10:06:22.883194735,Q,CLNE,,10,3.72
2023-12-20,10:06:22.883197132,Q,CLNE,,300,3.72
2023-12-20,10:06:22.883201538,Q,CLNE,,100,3.72
2023-12-20,10:06:22.883210632,Q,CLNE,,300,3.72
2023-12-20,10:06:22.883236674,K,CLNE,,100,3.72
2023-12-20,10:06:22.883542426,P,CLNE,,100,3.72
2023-12-20,10:06:22.884111814,N,CLNE,,91,3.72
2023-12-20,10:06:23.160020445,D,CLNE,,1000,3.72
2023-12-20,10:06:23.558221660,J,CLNE,,100,3.71
2023-12-20,10:06:24.770965731,D,CLNE,,11,3.715
2023-12-20,10:06:33.737012160,D,CLNE,,25,3.715
2023-12-20,10:06:38.117714123,D,CLNE,,19,3.715
2023-12-20,10:06:38.118095677,D,CLNE,,100,3.715
2023-12-20,10:06:38.725593923,D,CLNE,,1000,3.719
2023-12-20,10:06:39.890366384,D,CLNE,,10,3.71
2023-12-20,10:06:42.171546309,D,CLNE,,1,3.71
2023-12-20,10:06:42.450737500,D,CLNE,,2,3.71
2023-12-20,10:06:42.670950611,D,CLNE,,1,3.71
2023-12-20,10:06:43.151171461,D,CLNE,,32,3.7112
2023-12-20,10:06:43.397095160,D,CLNE,,1,3.7112
2023-12-20,10:06:44.915920744,D,CLNE,,36,3.7188
2023-12-20,10:06:44.932590768,D,CLNE,,1,3.7188
2023-12-20,10:06:45.175266544,J,CLNE,,19,3.72
2023-12-20,10:06:45.182310880,D,CLNE,,1,3.72
2023-12-20,10:06:54.320226414,Z,CLNE,,100,3.72
2023-12-20,10:06:54.320229349,Z,CLNE,,19,3.72
2023-12-20,10:06:54.320232565,Z,CLNE,,100,3.72
2023-12-20,10:06:54.320232971,Q,CLNE,,17,3.715
2023-12-20,10:06:54.320234781,Q,CLNE,,100,3.72
2023-12-20,10:06:54.320236911,Q,CLNE,,100,3.72
2023-12-20,10:06:54.320238859,Q,CLNE,,20,3.72
2023-12-20,10:06:54.320242746,Q,CLNE,,100,3.72
2023-12-20,10:06:54.320244738,Q,CLNE,,100,3.72
2023-12-20,10:06:54.320248203,Q,CLNE,,100,3.72
2023-12-20,10:06:54.320248282,Q,CLNE,,72,3.72
2023-12-20,10:06:54.320254053,Q,CLNE,,100,3.72
2023-12-20,10:06:54.320254134,Q,CLNE,,100,3.72
2023-12-20,10:06:54.320258273,Q,CLNE,,83,3.72
2023-12-20,10:06:54.320261414,Q,CLNE,,100,3.72
2023-12-20,10:06:54.320334226,K,CLNE,,16,3.715
2023-12-20,10:06:54.320489365,P,CLNE,,100,3.72
2023-12-20,10:06:54.320489445,P,CLNE,,100,3.72
2023-12-20,10:06:54.320490697,N,CLNE,,300,3.72
2023-12-20,10:06:54.320937293,D,CLNE,,100,3.72
2023-12-20,10:06:54.320976011,Q,CLNE,,100,3.72
2023-12-20,10:06:54.321547816,Q,CLNE,,100,3.72
2023-12-20,10:06:54.324124649,D,CLNE,,100,3.72
2023-12-20,10:06:54.324966695,J,CLNE,,100,3.72
2023-12-20,10:06:54.324991942,D,CLNE,,2300,3.715
2023-12-20,10:06:54.325289109,D,CLNE,,284,3.715
2023-12-20,10:06:54.326981551,J,CLNE,,100,3.72
2023-12-20,10:07:03.013864367,Q,CLNE,,100,3.715
2023-12-20,10:07:03.013866199,Q,CLNE,,100,3.715
2023-12-20,10:07:03.013868644,Q,CLNE,,100,3.71
2023-12-20,10:07:03.013870671,Q,CLNE,,100,3.71
2023-12-20,10:07:03.013875276,Q,CLNE,,100,3.71
2023-12-20,10:07:03.013876365,Q,CLNE,,100,3.71
2023-12-20,10:07:03.013878546,Q,CLNE,,400,3.71
2023-12-20,10:07:03.013880419,Q,CLNE,,29,3.71
2023-12-20,10:07:03.013886852,Q,CLNE,,15,3.71
2023-12-20,10:07:03.013886935,Q,CLNE,,100,3.71
2023-12-20,10:07:03.013889910,Q,CLNE,,100,3.71
2023-12-20,10:07:03.013890121,Q,CLNE,,100,3.71
2023-12-20,10:07:03.013898457,Q,CLNE,,100,3.71
2023-12-20,10:07:03.013898536,Q,CLNE,,56,3.71
2023-12-20,10:07:03.014183954,J,CLNE,,100,3.71
2023-12-20,10:07:03.390916054,D,CLNE,,15,3.715
2023-12-20,10:07:07.374361141,D,CLNE,,1000,3.7189
2023-12-20,10:07:09.632591157,X,CLNE,,13,3.71
2023-12-20,10:07:09.632600409,Q,CLNE,,100,3.71
2023-12-20,10:07:09.632601829,Q,CLNE,,100,3.71
2023-12-20,10:07:09.632603530,Q,CLNE,,100,3.71
2023-12-20,10:07:09.632606060,Q,CLNE,,100,3.71
2023-12-20,10:07:09.632613724,Q,CLNE,,400,3.71
2023-12-20,10:07:09.632616800,Q,CLNE,,100,3.71
2023-12-20,10:07:09.632686705,P,CLNE,,100,3.71
2023-12-20,10:07:09.632686779,P,CLNE,,100,3.71
2023-12-20,10:07:09.632729270,Z,CLNE,,113,3.71
2023-12-20,10:07:09.632731442,K,CLNE,,100,3.71
2023-12-20,10:07:09.632741538,K,CLNE,,15,3.71
2023-12-20,10:07:09.632767894,N,CLNE,,100,3.71
2023-12-20,10:07:09.632835089,H,CLNE,,100,3.71
2023-12-20,10:07:09.891873658,K,CLNE,,18,3.705
2023-12-20,10:07:09.892285798,Q,CLNE,,18,3.705
2023-12-20,10:07:09.892867545,Q,CLNE,,100,3.705
2023-12-20,10:07:09.893847455,C,CLNE,,64,3.71
2023-12-20,10:07:10.443879874,K,CLNE,,100,3.705
2023-12-20,10:07:15.209500900,D,CLNE,,403,3.7088
2023-12-20,10:07:15.464570577,D,CLNE,,1,3.71
2023-12-20,10:07:17.693303740,D,CLNE,,100,3.705
2023-12-20,10:07:23.627096050,D,CLNE,,1,3.7001
2023-12-20,10:07:24.018379947,D,CLNE,,134,3.7088
2023-12-20,10:07:24.252934424,D,CLNE,,1,3.7088
2023-12-20,10:07:25.680591585,D,CLNE,,12,3.71
2023-12-20,10:07:36.464738475,D,CLNE,,403,3.7088
2023-12-20,10:07:36.721726038,D,CLNE,,1,3.71
2023-12-20,10:07:39.082540663,C,CLNE,,35,3.71
2023-12-20,10:07:39.082798020,J,CLNE,,11,3.71
2023-12-20,10:07:39.082807296,J,CLNE,,21,3.71
2023-12-20,10:07:39.083197070,J,CLNE,,100,3.71
2023-12-20,10:07:39.389887299,D,CLNE,,100,3.71
2023-12-20,10:07:40.008649212,K,CLNE,,12,3.705
2023-12-20,10:07:43.245646392,D,CLNE,,2000,3.7045
2023-12-20,10:07:44.672435929,U,CLNE,,200,3.71
2023-12-20,10:07:51.680363262,D,CLNE,,100,3.7099
2023-12-20,10:08:04.310463865,Q,CLNE,,16,3.705
2023-12-20,10:08:04.310465888,Q,CLNE,,84,3.71
2023-12-20,10:08:04.490233213,D,CLNE,,100,3.71
2023-12-20,10:08:04.993924045,D,CLNE,,284,3.705
2023-12-20,10:08:04.994121971,D,CLNE,,622,3.705
2023-12-20,10:08:04.996631095,Z,CLNE,,16,3.71
2023-12-20,10:08:12.102746211,D,CLNE,,1,3.71
2023-12-20,10:08:12.390806909,D,CLNE,,1,3.7088
2023-12-20,10:08:42.696391541,V,CLNE,,10,3.71
2023-12-20,10:08:42.696404489,V,CLNE,,190,3.71
2023-12-20,10:08:42.769794008,V,CLNE,,209,3.71
2023-12-20,10:08:42.838819734,D,CLNE,,100,3.71
2023-12-20,10:08:43.389459020,X,CLNE,,24,3.71
2023-12-20,10:08:43.389466052,Q,CLNE,,16,3.71
2023-12-20,10:08:43.389467719,Q,CLNE,,100,3.71
2023-12-20,10:08:43.389469466,Q,CLNE,,100,3.71
2023-12-20,10:08:43.389471498,Q,CLNE,,100,3.71
2023-12-20,10:08:43.389476696,Q,CLNE,,100,3.71
2023-12-20,10:08:43.389476785,Q,CLNE,,100,3.71
2023-12-20,10:08:43.389479914,Q,CLNE,,1,3.71
2023-12-20,10:08:43.389498371,Q,CLNE,,300,3.71
2023-12-20,10:08:43.389499675,Q,CLNE,,101,3.71
2023-12-20,10:08:43.389561458,N,CLNE,,13,3.71
2023-12-20,10:08:43.389582440,U,CLNE,,400,3.71
2023-12-20,10:08:43.389582547,U,CLNE,,100,3.71
2023-12-20,10:08:43.389621618,N,CLNE,,87,3.71
2023-12-20,10:08:43.389631955,P,CLNE,,100,3.71
2023-12-20,10:08:43.389659717,Z,CLNE,,15,3.71
2023-12-20,10:08:43.389663002,J,CLNE,,100,3.71
2023-12-20,10:08:43.389808325,H,CLNE,,100,3.71
2023-12-20,10:08:43.389826203,Q,CLNE,,100,3.71
2023-12-20,10:08:43.389961006,D,CLNE,,100,3.71
2023-12-20,10:08:48.438085729,D,CLNE,,1,3.71
2023-12-20,10:08:48.438669241,D,CLNE,,12,3.71
2023-12-20,10:08:50.826203903,P,CLNE,,13,3.71
2023-12-20,10:08:52.773927660,U,CLNE,,13,3.71
2023-12-20,10:09:14.199426036,D,CLNE,,500,3.715
2023-12-20,10:09:14.979018989,J,CLNE,,100,3.715
2023-12-20,10:09:14.979024821,J,CLNE,,15,3.72
2023-12-20,10:09:14.979230669,C,CLNE,,100,3.72
2023-12-20,10:09:15.514593600,J,CLNE,,1,3.72
2023-12-20,10:09:15.514596891,J,CLNE,,14,3.72
2023-12-20,10:09:15.514891663,C,CLNE,,18,3.72
2023-12-20,10:09:15.805056592,J,CLNE,,19,3.72
2023-12-20,10:09:46.486885339,Q,CLNE,,11,3.71
2023-12-20,10:09:46.486887068,Q,CLNE,,100,3.71
2023-12-20,10:09:46.486888951,Q,CLNE,,100,3.71
2023-12-20,10:09:46.486890889,Q,CLNE,,89,3.71
2023-12-20,10:09:46.487000757,Z,CLNE,,300,3.71
2023-12-20,10:09:46.487003775,Z,CLNE,,100,3.71
2023-12-20,10:09:46.487969262,D,CLNE,,17,3.71
2023-12-20,10:09:46.488235102,D,CLNE,,1,3.71
2023-12-20,10:09:46.488321069,D,CLNE,,11,3.71
2023-12-20,10:09:48.320236647,Z,CLNE,,100,3.71
2023-12-20,10:09:48.320240226,Z,CLNE,,100,3.71
2023-12-20,10:10:10.924683209,K,CLNE,,15,3.715
2023-12-20,10:10:10.924880702,Q,CLNE,,10,3.715
2023-12-20,10:10:10.928229879,D,CLNE,,75,3.715
2023-12-20,10:10:10.937926153,J,CLNE,,14,3.72
2023-12-20,10:10:11.042966875,J,CLNE,,13,3.72
2023-12-20,10:10:11.236318438,D,CLNE,,900,3.715
2023-12-20,10:10:18.460938675,D,CLNE,,58,3.715
2023-12-20,10:10:25.584387427,B,CLNE,,1,3.71
2023-12-20,10:10:25.584417418,Z,CLNE,,100,3.71
2023-12-20,10:10:25.584422887,K,CLNE,,300,3.71
2023-12-20,10:10:25.584427324,K,CLNE,,100,3.71
2023-12-20,10:10:25.584431180,K,CLNE,,100,3.71
2023-12-20,10:10:25.584558493,H,CLNE,,100,3.71
2023-12-20,10:10:25.584558653,H,CLNE,,100,3.71
2023-12-20,10:10:25.584558738,H,CLNE,,100,3.71
2023-12-20,10:10:25.584558825,H,CLNE,,100,3.71
2023-12-20,10:10:25.585268378,D,CLNE,,1,3.71
2023-12-20,10:10:25.585465678,D,CLNE,,11,3.71
2023-12-20,10:10:25.614910095,D,CLNE,,100,3.715
2023-12-20,10:10:28.885724636,J,CLNE,,1,3.71
2023-12-20,10:10:29.207276302,D,CLNE,,226,3.7101
2023-12-20,10:10:41.106274887,Q,CLNE,,100,3.71
2023-12-20,10:10:41.106276638,Q,CLNE,,200,3.71
2023-12-20,10:10:41.106299360,X,CLNE,,15,3.71
2023-12-20,10:10:41.106301683,X,CLNE,,49,3.71
2023-12-20,10:10:41.106705946,H,CLNE,,100,3.71
2023-12-20,10:11:04.280295308,J,CLNE,,12,3.71
2023-12-20,10:11:04.340503003,K,CLNE,,20,3.705
2023-12-20,10:11:07.553416733,D,CLNE,,100,3.71
2023-12-20,10:11:07.555057552,J,CLNE,,1,3.71
2023-12-20,10:11:07.555085868,D,CLNE,,200,3.705
2023-12-20,10:11:07.555180366,D,CLNE,,1,3.705
2023-12-20,10:11:07.555350504,D,CLNE,,86,3.705
2023-12-20,10:11:08.388534486,D,CLNE,,8,3.705
2023-12-20,10:11:12.855994627,J,CLNE,,100,3.7
2023-12-20,10:11:15.530362280,D,CLNE,,20,3.7
2023-12-20,10:11:38.117450131,D,CLNE,,19,3.705
2023-12-20,10:11:38.118926290,D,CLNE,,96,3.705
2023-12-20,10:11:38.839630559,D,CLNE,,4527,3.7003
2023-12-20,10:11:42.219695653,D,CLNE,,14,3.705
2023-12-20,10:12:00.352085274,J,CLNE,,100,3.71
2023-12-20,10:12:00.352088307,J,CLNE,,100,3.71
2023-12-20,10:12:00.445798182,J,CLNE,,100,3.71
2023-12-20,10:12:01.570359787,J,CLNE,,100,3.71
2023-12-20,10:12:01.767167661,K,CLNE,,10,3.705
2023-12-20,10:12:09.006272911,J,CLNE,,100,3.71
2023-12-20,10:12:09.006275812,J,CLNE,,100,3.71
2023-12-20,10:12:13.276864147,K,CLNE,,21,3.705
2023-12-20,10:12:17.247952712,J,CLNE,,100,3.71
2023-12-20,10:12:29.538483176,D,CLNE,,1,3.7088
2023-12-20,10:12:29.555014674,D,CLNE,,8,3.7088
2023-12-20,10:12:34.534314089,D,CLNE,,500,3.7099
2023-12-20,10:13:01.580373827,K,CLNE,,20,3.705
2023-12-20,10:13:02.135770766,V,CLNE,,16,3.71
2023-12-20,10:13:02.135793708,V,CLNE,,33,3.71
2023-12-20,10:13:04.305817989,Q,CLNE,,15,3.705
2023-12-20,10:13:04.305819642,Q,CLNE,,85,3.705
2023-12-20,10:13:16.400539249,K,CLNE,,100,3.705
2023-12-20,10:13:27.715187236,J,CLNE,,49,3.71
2023-12-20,10:13:28.811218114,D,CLNE,,2000,3.7099
2023-12-20,10:13:38.068985025,J,CLNE,,100,3.7
2023-12-20,10:14:23.916059129,C,CLNE,,49,3.71
2023-12-20,10:14:44.876722741,D,CLNE,,13,3.7012
2023-12-20,10:14:45.122393542,D,CLNE,,1,3.7012
2023-12-20,10:14:51.289107833,J,CLNE,,46,3.705
2023-12-20,10:14:51.289373795,C,CLNE,,3,3.71
2023-12-20,10:14:54.029098763,D,CLNE,,2,3.71
2023-12-20,10:14:56.833022074,D,CLNE,,2,3.71
2023-12-20,10:15:01.491150404,J,CLNE,,1,3.7
2023-12-20,10:15:01.692486761,X,CLNE,,15,3.7
2023-12-20,10:15:01.692488449,X,CLNE,,49,3.7
2023-12-20,10:15:01.692491153,X,CLNE,,15,3.7
2023-12-20,10:15:01.692494443,Q,CLNE,,100,3.7
2023-12-20,10:15:01.692496435,Q,CLNE,,100,3.7
2023-12-20,10:15:01.692499453,Q,CLNE,,100,3.7
2023-12-20,10:15:01.692501999,Q,CLNE,,545,3.7
2023-12-20,10:15:01.692507284,Q,CLNE,,455,3.7
2023-12-20,10:15:01.692509277,Q,CLNE,,100,3.7
2023-12-20,10:15:01.692511830,Q,CLNE,,100,3.7
2023-12-20,10:15:01.692514574,Q,CLNE,,49,3.7
2023-12-20,10:15:01.692516653,Q,CLNE,,100,3.7
2023-12-20,10:15:01.692519046,Q,CLNE,,200,3.7
2023-12-20,10:15:01.692520794,Q,CLNE,,100,3.7
2023-12-20,10:15:01.692524988,Q,CLNE,,46,3.7
2023-12-20,10:15:01.692543195,Q,CLNE,,100,3.7
2023-12-20,10:15:01.692545004,Q,CLNE,,400,3.7
2023-12-20,10:15:01.692548610,Q,CLNE,,254,3.7
2023-12-20,10:15:01.692551092,Q,CLNE,,443,3.7
2023-12-20,10:15:01.692558652,Q,CLNE,,657,3.7
2023-12-20,10:15:01.692810389,K,CLNE,,300,3.7
2023-12-20,10:15:01.692818943,K,CLNE,,100,3.7
2023-12-20,10:15:01.692864360,U,CLNE,,100,3.7
2023-12-20,10:15:01.692864455,U,CLNE,,100,3.7
2023-12-20,10:15:01.692864541,U,CLNE,,200,3.7
2023-12-20,10:15:01.692895137,U,CLNE,,200,3.7
2023-12-20,10:15:01.692895214,U,CLNE,,200,3.7
2023-12-20,10:15:01.692895298,U,CLNE,,200,3.7
2023-12-20,10:15:01.692926709,H,CLNE,,2,3.7
2023-12-20,10:15:01.692926794,H,CLNE,,100,3.7
2023-12-20,10:15:01.692926873,H,CLNE,,102,3.7
2023-12-20,10:15:01.692961918,H,CLNE,,102,3.7
2023-12-20,10:15:01.692963886,U,CLNE,,133,3.7
2023-12-20,10:15:01.692963994,U,CLNE,,650,3.7
2023-12-20,10:15:01.692964325,H,CLNE,,102,3.7
2023-12-20,10:15:01.693002455,H,CLNE,,494,3.7
2023-12-20,10:15:01.693048128,P,CLNE,,100,3.7
2023-12-20,10:15:01.693049646,P,CLNE,,13,3.7
2023-12-20,10:15:01.693059465,N,CLNE,,12,3.7
2023-12-20,10:15:01.693080166,P,CLNE,,36,3.7
2023-12-20,10:15:01.693080243,P,CLNE,,100,3.7
2023-12-20,10:15:01.693084048,P,CLNE,,200,3.7
2023-12-20,10:15:01.693084131,P,CLNE,,113,3.7
2023-12-20,10:15:01.693109710,N,CLNE,,50,3.7
2023-12-20,10:15:01.693118934,N,CLNE,,63,3.7
2023-12-20,10:15:01.693119009,N,CLNE,,7,3.7
2023-12-20,10:15:01.693120391,P,CLNE,,449,3.7
2023-12-20,10:15:01.693121321,N,CLNE,,12,3.7
2023-12-20,10:15:01.693123740,P,CLNE,,438,3.7
2023-12-20,10:15:01.693145482,N,CLNE,,12,3.7
2023-12-20,10:15:01.693149290,N,CLNE,,65,3.7
2023-12-20,10:15:01.695094986,D,CLNE,,29,3.7
2023-12-20,10:15:01.695320376,D,CLNE,,6,3.7
2023-12-20,10:15:01.695760281,D,CLNE,,66,3.7
2023-12-20,10:15:01.695841468,D,CLNE,,600,3.695
2023-12-20,10:15:01.696125319,D,CLNE,,100,3.7
2023-12-20,10:15:01.696289741,D,CLNE,,100,3.7
2023-12-20,10:15:01.696426033,D,CLNE,,17,3.7
2023-12-20,10:15:01.696718571,D,CLNE,,100,3.7
2023-12-20,10:15:01.696740744,D,CLNE,,3325,3.695
2023-12-20,10:15:01.696951921,Y,CLNE,,100,3.7
2023-12-20,10:15:01.697057165,D,CLNE,,100,3.7
2023-12-20,10:15:01.697128350,Y,CLNE,,100,3.7
2023-12-20,10:15:01.697153849,Y,CLNE,,100,3.7
2023-12-20,10:15:01.697184386,Y,CLNE,,100,3.7
2023-12-20,10:15:01.697275558,D,CLNE,,200,3.7
2023-12-20,10:15:01.742506721,Y,CLNE,,4,3.7
2023-12-20,10:15:01.781507539,Y,CLNE,,23,3.7
2023-12-20,10:15:01.822264722,Y,CLNE,,2,3.7
2023-12-20,10:15:01.822371725,Y,CLNE,,171,3.7
2023-12-20,10:15:02.004902157,D,CLNE,,100,3.7
2023-12-20,10:15:02.045797580,J,CLNE,,11,3.7
2023-12-20,10:15:02.047605607,J,CLNE,,12,3.7
2023-12-20,10:15:02.935858286,J,CLNE,,45,3.7
2023-12-20,10:15:03.048233822,J,CLNE,,12,3.7
2023-12-20,10:15:19.044992785,J,CLNE,,100,3.7
2023-12-20,10:15:19.133439750,K,CLNE,,21,3.695
2023-12-20,10:15:20.508968816,X,CLNE,,6,3.7
2023-12-20,10:15:27.744602687,J,CLNE,,100,3.7
2023-12-20,10:15:32.730597845,V,CLNE,,100,3.7
2023-12-20,10:15:32.730626969,V,CLNE,,100,3.7
2023-12-20,10:15:32.991352855,Q,CLNE,,18,3.695
2023-12-20,10:15:32.991355523,Q,CLNE,,49,3.7
2023-12-20,10:15:35.218727705,K,CLNE,,21,3.695
2023-12-20,10:15:54.955297930,D,CLNE,,650,3.7
2023-12-20,10:16:01.474101203,Q,CLNE,,51,3.7
2023-12-20,10:16:01.474103266,Q,CLNE,,15,3.7
2023-12-20,10:16:01.474459085,X,CLNE,,13,3.7
2023-12-20,10:16:01.474463289,Q,CLNE,,85,3.7
2023-12-20,10:16:01.474465241,Q,CLNE,,100,3.7
2023-12-20,10:16:01.474467350,Q,CLNE,,100,3.7
2023-12-20,10:16:01.474469665,Q,CLNE,,100,3.7
2023-12-20,10:16:01.474473971,Q,CLNE,,100,3.7
2023-12-20,10:16:01.474474061,Q,CLNE,,100,3.7
2023-12-20,10:16:01.474478008,Q,CLNE,,1,3.7
2023-12-20,10:16:01.474582624,K,CLNE,,100,3.7
2023-12-20,10:16:01.474588030,K,CLNE,,100,3.7
2023-12-20,10:16:01.474650128,Z,CLNE,,100,3.7
2023-12-20,10:16:01.474653673,Z,CLNE,,14,3.7
2023-12-20,10:16:01.474658499,Z,CLNE,,100,3.7
2023-12-20,10:16:01.474675578,J,CLNE,,100,3.7
2023-12-20,10:16:01.474687726,H,CLNE,,100,3.7
2023-12-20,10:16:01.474687819,H,CLNE,,100,3.7
2023-12-20,10:16:01.474687920,H,CLNE,,100,3.7
2023-12-20,10:16:01.474726009,H,CLNE,,24,3.7
2023-12-20,10:16:01.474790610,Q,CLNE,,100,3.7
2023-12-20,10:16:01.474793897,Q,CLNE,,93,3.7
2023-12-20,10:16:01.474811748,Q,CLNE,,100,3.7
2023-12-20,10:16:01.474813482,Q,CLNE,,148,3.7
2023-12-20,10:16:01.474827453,Q,CLNE,,100,3.7
2023-12-20,10:16:01.474828443,Q,CLNE,,24,3.7
2023-12-20,10:16:01.474855247,N,CLNE,,300,3.7
2023-12-20,10:16:01.474857705,P,CLNE,,100,3.7
2023-12-20,10:16:01.474857782,P,CLNE,,100,3.7
2023-12-20,10:16:01.474891492,Q,CLNE,,7,3.7
2023-12-20,10:16:01.475079170,D,CLNE,,100,3.7
2023-12-20,10:16:01.475278369,Q,CLNE,,100,3.7
2023-12-20,10:16:01.475309098,D,CLNE,,100,3.7
2023-12-20,10:16:01.476027779,D,CLNE,,100,3.7
2023-12-20,10:16:01.486241637,D,CLNE,,72,3.705
2023-12-20,10:16:01.532017180,D,CLNE,,100,3.705
2023-12-20,10:16:01.688558103,Q,CLNE,,200,3.7
2023-12-20,10:16:01.694873043,Z,CLNE,,100,3.7
2023-12-20,10:16:01.694876656,Z,CLNE,,100,3.7
2023-12-20,10:16:01.694880459,Z,CLNE,,100,3.7
2023-12-20,10:16:01.751440211,Q,CLNE,,28,3.7
2023-12-20,10:16:01.862558451,N,CLNE,,200,3.7
2023-12-20,10:16:01.912717595,D,CLNE,,158,3.7
2023-12-20,10:16:01.913021977,D,CLNE,,100,3.7
2023-12-20,10:16:01.930089854,D,CLNE,,10,3.705
2023-12-20,10:16:01.939117122,D,CLNE,,1,3.7
2023-12-20,10:16:01.965674984,D,CLNE,,41,3.7
2023-12-20,10:16:07.713682882,Q,CLNE,,72,3.7
2023-12-20,10:16:07.713685249,Q,CLNE,,100,3.7
2023-12-20,10:16:07.713686906,Z,CLNE,,100,3.7
2023-12-20,10:16:07.713687494,Q,CLNE,,100,3.7
2023-12-20,10:16:07.713690409,Q,CLNE,,200,3.7
2023-12-20,10:16:07.713691947,Z,CLNE,,100,3.7
2023-12-20,10:16:07.713694218,Z,CLNE,,100,3.7
2023-12-20,10:16:07.713697688,Z,CLNE,,100,3.7
2023-12-20,10:16:07.713700208,Z,CLNE,,100,3.7
2023-12-20,10:16:07.713819957,U,CLNE,,100,3.7
2023-12-20,10:16:07.713820037,U,CLNE,,400,3.7
2023-12-20,10:16:07.713865199,Q,CLNE,,100,3.69
2023-12-20,10:16:07.713867641,Q,CLNE,,100,3.69
2023-12-20,10:16:07.713869618,Q,CLNE,,100,3.69
2023-12-20,10:16:07.713872416,Q,CLNE,,100,3.69
2023-12-20,10:16:07.713875255,Q,CLNE,,72,3.69
2023-12-20,10:16:07.713920722,U,CLNE,,200,3.69
2023-12-20,10:16:07.713920814,U,CLNE,,200,3.69
2023-12-20,10:16:07.713920920,U,CLNE,,100,3.69
2023-12-20,10:16:07.713945612,H,CLNE,,100,3.7
2023-12-20,10:16:07.713945698,H,CLNE,,100,3.7
2023-12-20,10:16:07.713945779,H,CLNE,,100,3.7
2023-12-20,10:16:07.713946001,H,CLNE,,100,3.7
2023-12-20,10:16:07.714011143,N,CLNE,,200,3.7
2023-12-20,10:16:07.714090355,P,CLNE,,100,3.7
2023-12-20,10:16:07.714090440,P,CLNE,,200,3.7
2023-12-20,10:16:07.714157909,J,CLNE,,28,3.69
2023-12-20,10:16:07.714183258,H,CLNE,,400,3.69
2023-12-20,10:16:07.714249818,P,CLNE,,100,3.69
2023-12-20,10:16:07.714249897,P,CLNE,,100,3.69
2023-12-20,10:16:07.714253476,P,CLNE,,100,3.69
2023-12-20,10:16:07.714253573,P,CLNE,,100,3.69
2023-12-20,10:16:07.714744569,D,CLNE,,5,3.7
2023-12-20,10:16:07.714939481,D,CLNE,,1,3.7
2023-12-20,10:16:07.715596590,D,CLNE,,100,3.695
2023-12-20,10:16:07.715855306,V,CLNE,,100,3.695
2023-12-20,10:16:28.300604998,Q,CLNE,,63,3.695
2023-12-20,10:16:28.317133425,J,CLNE,,100,3.7
2023-12-20,10:16:28.317136392,J,CLNE,,11,3.7
2023-12-20,10:16:28.325967240,J,CLNE,,100,3.7
2023-12-20,10:16:28.325970574,J,CLNE,,13,3.7
2023-12-20,10:16:28.328891652,D,CLNE,,1,3.695
2023-12-20,10:16:28.330513637,D,CLNE,,99,3.695
2023-12-20,10:16:28.340030237,J,CLNE,,1,3.7
2023-12-20,10:16:28.629744500,Z,CLNE,,64,3.695
2023-12-20,10:16:28.638420137,J,CLNE,,100,3.7
2023-12-20,10:16:32.711356368,D,CLNE,,900,3.695
2023-12-20,10:16:35.752551075,D,CLNE,,52,3.695
2023-12-20,10:16:38.117556318,D,CLNE,,18,3.695
2023-12-20,10:16:38.117757639,D,CLNE,,94,3.695
2023-12-20,10:16:40.870869015,D,CLNE,,1,3.7
2023-12-20,10:16:53.140086815,D,CLNE,,100,3.695
2023-12-20,10:16:53.227901529,N,CLNE,,100,3.69
2023-12-20,10:17:08.779392787,D,CLNE,,500,3.6901
2023-12-20,10:17:28.889193497,D,CLNE,,4,3.6988
2023-12-20,10:17:29.169644550,D,CLNE,,1,3.7
2023-12-20,10:17:32.747462328,D,CLNE,,9,3.6975
2023-12-20,10:18:07.668986906,D,CLNE,,100,3.695
2023-12-20,10:18:34.216047503,D,CLNE,,300,3.7
2023-12-20,10:18:38.140584010,D,CLNE,,5,3.695
2023-12-20,10:18:48.157195687,D,CLNE,,500,3.6988
2023-12-20,10:18:48.158749542,D,CLNE,,28,3.695
2023-12-20,10:18:56.006537775,D,CLNE,,1,3.6912
2023-12-20,10:19:05.297130745,D,CLNE,,48,3.695
2023-12-20,10:19:14.258199549,D,CLNE,,1,3.695
2023-12-20,10:19:22.987680021,D,CLNE,,50,3.69
2023-12-20,10:19:30.876101443,X,CLNE,,15,3.69
2023-12-20,10:19:30.876112253,Q,CLNE,,1000,3.69
2023-12-20,10:19:30.876113332,Q,CLNE,,100,3.69
2023-12-20,10:19:30.876115287,Q,CLNE,,300,3.69
2023-12-20,10:19:30.876117743,Q,CLNE,,200,3.69
2023-12-20,10:19:30.876123674,Q,CLNE,,50,3.69
2023-12-20,10:19:30.876123763,Q,CLNE,,100,3.69
2023-12-20,10:19:30.876406506,K,CLNE,,300,3.69
2023-12-20,10:19:30.876409730,K,CLNE,,1030,3.69
2023-12-20,10:19:30.876427605,K,CLNE,,3990,3.69
2023-12-20,10:19:30.876439810,K,CLNE,,1679,3.69
2023-12-20,10:19:30.876653872,P,CLNE,,670,3.69
2023-12-20,10:19:30.876671767,P,CLNE,,130,3.69
2023-12-20,10:19:30.876672005,P,CLNE,,100,3.69
2023-12-20,10:19:30.876673302,P,CLNE,,10,3.69
2023-12-20,10:19:30.876720249,P,CLNE,,500,3.69
2023-12-20,10:19:30.876916715,D,CLNE,,100,3.69
2023-12-20,10:19:30.877455462,D,CLNE,,11,3.69
2023-12-20,10:19:30.877943352,D,CLNE,,41,3.69
2023-12-20,10:19:30.878115220,D,CLNE,,1,3.69
2023-12-20,10:19:30.878183943,D,CLNE,,23,3.69
2023-12-20,10:19:30.883347499,D,CLNE,,61,3.685
2023-12-20,10:19:30.972134007,D,CLNE,,100,3.685
2023-12-20,10:19:33.500796489,D,CLNE,,12,3.6882
2023-12-20,10:19:34.203398210,D,CLNE,,100,3.685
2023-12-20,10:19:35.939802697,D,CLNE,,100,3.685
2023-12-20,10:19:44.155622054,D,CLNE,,8,3.6888
2023-12-20,10:19:44.401321200,D,CLNE,,1,3.6888
2023-12-20,10:19:51.648805843,D,CLNE,,30,3.685
2023-12-20,10:19:55.564411842,D,CLNE,,30,3.685
2023-12-20,10:19:57.988786005,D,CLNE,,50,3.69
2023-12-20,10:20:00.779031538,Q,CLNE,,100,3.685
2023-12-20,10:20:00.785709175,C,CLNE,,13,3.69
2023-12-20,10:20:00.791026473,Q,CLNE,,100,3.685
2023-12-20,10:20:08.630016600,Q,CLNE,,100,3.685
2023-12-20,10:20:14.509149365,B,CLNE,,59,3.69
2023-12-20,10:20:14.509234666,J,CLNE,,100,3.69
2023-12-20,10:20:14.509238593,J,CLNE,,21,3.69
2023-12-20,10:20:14.509242808,J,CLNE,,5,3.69
2023-12-20,10:20:14.509261005,J,CLNE,,100,3.69
2023-12-20,10:20:14.509472737,Y,CLNE,,100,3.69
2023-12-20,10:20:14.509585448,K,CLNE,,91,3.685
2023-12-20,10:20:14.509591036,K,CLNE,,5,3.685
2023-12-20,10:20:14.509922187,J,CLNE,,5,3.69
2023-12-20,10:20:14.513223500,J,CLNE,,40,3.69
2023-12-20,10:20:14.515425410,Q,CLNE,,63,3.685
2023-12-20,10:20:14.515425501,Q,CLNE,,5,3.685
2023-12-20,10:20:14.515426877,Q,CLNE,,35,3.69
2023-12-20,10:20:14.545076785,Y,CLNE,,51,3.69
2023-12-20,10:20:14.547894879,D,CLNE,,300,3.685
2023-12-20,10:20:14.811782639,H,CLNE,,100,3.69
2023-12-20,10:20:14.811782723,H,CLNE,,61,3.69
2023-12-20,10:20:14.855521916,V,CLNE,,100,3.69
2023-12-20,10:20:14.855535734,V,CLNE,,5,3.69
2023-12-20,10:20:14.855554394,V,CLNE,,14,3.69
2023-12-20,10:20:14.887326491,D,CLNE,,923,3.685
2023-12-20,10:20:15.105550648,Q,CLNE,,76,3.69
2023-12-20,10:20:18.447155892,D,CLNE,,17,3.6888
2023-12-20,10:20:18.693038635,D,CLNE,,1,3.69
2023-12-20,10:20:31.653145166,Q,CLNE,,200,3.685
2023-12-20,10:20:31.653147859,Q,CLNE,,100,3.685
2023-12-20,10:20:32.222191775,J,CLNE,,200,3.69
2023-12-20,10:20:32.222482323,C,CLNE,,100,3.69
2023-12-20,10:20:33.524397833,J,CLNE,,200,3.69
2023-12-20,10:20:44.007902865,D,CLNE,,136,3.685
2023-12-20,10:20:46.650911947,J,CLNE,,200,3.69
2023-12-20,10:20:46.651205951,C,CLNE,,100,3.69
2023-12-20,10:20:48.392627994,C,CLNE,,96,3.69
2023-12-20,10:20:48.413864146,Q,CLNE,,200,3.685
2023-12-20,10:20:48.537365450,J,CLNE,,200,3.69
2023-12-20,10:20:48.537377074,J,CLNE,,100,3.69
2023-12-20,10:20:49.097912137,K,CLNE,,200,3.685
2023-12-20,10:20:51.162981707,D,CLNE,,10,3.6894
2023-12-20,10:20:52.577372746,J,CLNE,,200,3.69
2023-12-20,10:20:56.422168106,D,CLNE,,250,3.6891
2023-12-20,10:20:56.746710673,J,CLNE,,200,3.69
2023-12-20,10:20:56.746806740,J,CLNE,,200,3.69
2023-12-20,10:20:59.398453813,D,CLNE,,9,3.6812
2023-12-20,10:20:59.644821986,D,CLNE,,1,3.6812
2023-12-20,10:21:01.046066369,D,CLNE,,15,3.685
2023-12-20,10:21:01.047634067,D,CLNE,,80,3.685
2023-12-20,10:21:09.162105756,D,CLNE,,1,3.6812
2023-12-20,10:21:09.408116565,D,CLNE,,1,3.6812
2023-12-20,10:21:18.661192309,D,CLNE,,13,3.685
2023-12-20,10:21:18.691491998,D,CLNE,,1,3.6812
2023-12-20,10:21:18.857308646,J,CLNE,,7,3.69
2023-12-20,10:21:18.969742439,D,CLNE,,1,3.6812
2023-12-20,10:21:19.110755170,J,CLNE,,1,3.69
2023-12-20,10:21:19.110773621,J,CLNE,,200,3.69
2023-12-20,10:21:19.110811035,D,CLNE,,300,3.685
2023-12-20,10:21:19.111130765,D,CLNE,,100,3.685
2023-12-20,10:21:19.111278406,D,CLNE,,1,3.685
2023-12-20,10:21:19.111412964,D,CLNE,,29,3.685
2023-12-20,10:21:19.113415714,C,CLNE,,100,3.69
2023-12-20,10:21:19.116951280,C,CLNE,,100,3.69
2023-12-20,10:21:19.348896446,C,CLNE,,100,3.69
2023-12-20,10:21:19.360132957,Q,CLNE,,24,3.69
2023-12-20,10:21:19.360134480,Q,CLNE,,100,3.69
2023-12-20,10:21:19.360136420,Q,CLNE,,1,3.69
2023-12-20,10:21:19.360138146,Q,CLNE,,13,3.69
2023-12-20,10:21:19.360143681,Q,CLNE,,45,3.69
2023-12-20,10:21:19.360460474,J,CLNE,,100,3.69
2023-12-20,10:21:19.360571424,J,CLNE,,100,3.69
2023-12-20,10:21:19.945581908,K,CLNE,,100,3.685
2023-12-20,10:21:19.945586931,K,CLNE,,100,3.685
2023-12-20,10:21:19.945590271,K,CLNE,,18,3.685
2023-12-20,10:21:24.437163616,N,CLNE,,105,3.685
2023-12-20,10:21:26.123706472,D,CLNE,,600,3.685
2023-12-20,10:21:27.171347332,K,CLNE,,100,3.685
2023-12-20,10:21:33.891530702,D,CLNE,,100,3.685
2023-12-20,10:21:38.116681867,D,CLNE,,1,3.685
2023-12-20,10:21:39.300007725,J,CLNE,,100,3.68
2023-12-20,10:21:39.704962717,D,CLNE,,53,3.685
2023-12-20,10:21:49.320389284,J,CLNE,,100,3.68
2023-12-20,10:22:06.600394361,J,CLNE,,97,3.68
2023-12-20,10:22:13.697127907,D,CLNE,,218,3.69
2023-12-20,10:22:13.698312878,D,CLNE,,52,3.685
2023-12-20,10:22:17.476765819,D,CLNE,,60,3.6812
2023-12-20,10:22:36.623838169,C,CLNE,,100,3.69
2023-12-20,10:22:36.790232776,D,CLNE,,10,3.6883
2023-12-20,10:22:39.449944179,D,CLNE,,700,3.685
2023-12-20,10:22:41.950748980,J,CLNE,,100,3.69
2023-12-20,10:22:43.169070766,J,CLNE,,100,3.69
2023-12-20,10:22:43.906890664,J,CLNE,,100,3.69
2023-12-20,10:22:43.911310699,Q,CLNE,,5,3.685
2023-12-20,10:22:43.911313399,Q,CLNE,,19,3.685
2023-12-20,10:22:43.911315889,Q,CLNE,,100,3.69
2023-12-20,10:22:43.911318270,Q,CLNE,,83,3.69
2023-12-20,10:22:43.911666933,K,CLNE,,5,3.685
2023-12-20,10:22:43.911672997,K,CLNE,,95,3.685
2023-12-20,10:22:43.911771705,K,CLNE,,5,3.685
2023-12-20,10:22:43.911881092,J,CLNE,,200,3.69
2023-12-20,10:22:43.911884846,P,CLNE,,100,3.685
2023-12-20,10:22:43.911904858,Q,CLNE,,17,3.69
2023-12-20,10:22:43.911907470,Q,CLNE,,100,3.69
2023-12-20,10:22:43.911907648,X,CLNE,,100,3.69
2023-12-20,10:22:43.911909079,Q,CLNE,,100,3.69
2023-12-20,10:22:43.911912535,Q,CLNE,,100,3.69
2023-12-20,10:22:43.911915510,Q,CLNE,,100,3.69
2023-12-20,10:22:43.911919172,Q,CLNE,,100,3.69
2023-12-20,10:22:43.911919266,Q,CLNE,,100,3.69
2023-12-20,10:22:43.911923672,Q,CLNE,,100,3.69
2023-12-20,10:22:43.911923766,Q,CLNE,,38,3.69
2023-12-20,10:22:43.912027603,K,CLNE,,200,3.69
2023-12-20,10:22:43.912043725,K,CLNE,,437,3.69
2023-12-20,10:22:43.912081001,Z,CLNE,,100,3.69
2023-12-20,10:22:43.912085565,Z,CLNE,,5,3.69
2023-12-20,10:22:43.912114516,Z,CLNE,,100,3.69
2023-12-20,10:22:43.912152525,H,CLNE,,39,3.69
2023-12-20,10:22:43.912152605,H,CLNE,,49,3.69
2023-12-20,10:22:43.912152686,H,CLNE,,100,3.69
2023-12-20,10:22:43.912367238,P,CLNE,,100,3.69
2023-12-20,10:22:43.912367322,P,CLNE,,100,3.69
2023-12-20,10:22:43.912369914,P,CLNE,,100,3.69
2023-12-20,10:22:43.912369992,P,CLNE,,13,3.69
2023-12-20,10:22:43.912371507,N,CLNE,,400,3.69
2023-12-20,10:22:43.922994989,D,CLNE,,100,3.69
2023-12-20,10:22:43.923372532,D,CLNE,,100,3.69
2023-12-20,10:22:43.939706960,D,CLNE,,366,3.685
2023-12-20,10:22:43.954677978,K,CLNE,,45,3.69
2023-12-20,10:22:43.955357745,Q,CLNE,,100,3.69
2023-12-20,10:22:43.955712980,N,CLNE,,100,3.69
2023-12-20,10:22:43.955721700,P,CLNE,,100,3.69
2023-12-20,10:22:43.955894325,N,CLNE,,100,3.69
2023-12-20,10:22:45.413792994,Q,CLNE,,100,3.69
2023-12-20,10:22:45.413794846,Q,CLNE,,100,3.69
2023-12-20,10:22:45.414959612,N,CLNE,,100,3.69
2023-12-20,10:22:45.449230684,C,CLNE,,100,3.69
2023-12-20,10:22:48.350186560,Q,CLNE,,100,3.69
2023-12-20,10:22:51.040056433,P,CLNE,,100,3.69
2023-12-20,10:22:57.326949322,K,CLNE,,100,3.685
2023-12-20,10:23:00.658031929,D,CLNE,,2,3.6884
2023-12-20,10:23:03.327831446,Q,CLNE,,200,3.685
2023-12-20,10:23:03.327833253,Q,CLNE,,100,3.68
2023-12-20,10:23:03.327835310,Q,CLNE,,70,3.68
2023-12-20,10:23:08.134519529,D,CLNE,,105,3.6806
2023-12-20,10:23:10.514848132,D,CLNE,,2000,3.6892
2023-12-20,10:23:13.886343979,D,CLNE,,1,3.6899
2023-12-20,10:23:15.157562579,D,CLNE,,25,3.685
2023-12-20,10:23:20.848479530,D,CLNE,,25,3.685
2023-12-20,10:23:22.409617390,D,CLNE,,5,3.685
2023-12-20,10:23:29.096880765,D,CLNE,,100,3.685
2023-12-20,10:23:56.050269558,D,CLNE,,1,3.6812
2023-12-20,10:24:03.676855381,D,CLNE,,300,3.685
2023-12-20,10:24:09.224565629,J,CLNE,,1,3.68
2023-12-20,10:24:22.608688486,D,CLNE,,2,3.69
2023-12-20,10:24:31.692772266,J,CLNE,,100,3.68
2023-12-20,10:24:48.039843476,X,CLNE,,15,3.68
2023-12-20,10:24:48.039847211,Q,CLNE,,81,3.68
2023-12-20,10:24:48.039847469,X,CLNE,,15,3.68
2023-12-20,10:24:48.039848034,Q,CLNE,,100,3.68
2023-12-20,10:24:48.039851167,Q,CLNE,,900,3.68
2023-12-20,10:24:48.039852933,Q,CLNE,,100,3.68
2023-12-20,10:24:48.039860212,Q,CLNE,,100,3.68
2023-12-20,10:24:48.039860305,Q,CLNE,,400,3.68
2023-12-20,10:24:48.039860379,Q,CLNE,,100,3.68
2023-12-20,10:24:48.039863140,Q,CLNE,,200,3.68
2023-12-20,10:24:48.039870656,Q,CLNE,,34,3.68
2023-12-20,10:24:48.039874221,Q,CLNE,,1000,3.68
2023-12-20,10:24:48.039874304,Q,CLNE,,100,3.68
2023-12-20,10:24:48.039874459,Q,CLNE,,300,3.68
2023-12-20,10:24:48.039886106,Q,CLNE,,243,3.68
2023-12-20,10:24:48.039945203,N,CLNE,,5,3.68
2023-12-20,10:24:48.039974919,U,CLNE,,40,3.68
2023-12-20,10:24:48.039975011,U,CLNE,,400,3.68
2023-12-20,10:24:48.039977213,Z,CLNE,,100,3.68
2023-12-20,10:24:48.039981027,Z,CLNE,,100,3.68
2023-12-20,10:24:48.039984769,K,CLNE,,700,3.68
2023-12-20,10:24:48.039984953,Z,CLNE,,100,3.68
2023-12-20,10:24:48.040008815,N,CLNE,,195,3.68
2023-12-20,10:24:48.040025201,P,CLNE,,100,3.68
2023-12-20,10:24:48.040029155,P,CLNE,,100,3.68
2023-12-20,10:24:48.040029240,P,CLNE,,50,3.68
2023-12-20,10:24:48.040029332,P,CLNE,,100,3.68
2023-12-20,10:24:48.040127909,H,CLNE,,100,3.68
2023-12-20,10:24:48.040127999,H,CLNE,,500,3.68
2023-12-20,10:24:48.040128090,H,CLNE,,100,3.68
2023-12-20,10:24:48.040128264,H,CLNE,,100,3.68
2023-12-20,10:24:48.040443016,D,CLNE,,34,3.68
2023-12-20,10:24:48.040843331,H,CLNE,,100,3.675
2023-12-20,10:24:48.040843432,H,CLNE,,57,3.68
2023-12-20,10:24:48.040939199,D,CLNE,,11,3.68
2023-12-20,10:24:48.041115839,D,CLNE,,1,3.68
2023-12-20,10:24:55.057059299,J,CLNE,,100,3.68
2023-12-20,10:24:55.057064070,J,CLNE,,5,3.68
2023-12-20,10:24:55.057067559,J,CLNE,,100,3.68
2023-12-20,10:24:55.057182213,K,CLNE,,5,3.675
2023-12-20,10:24:57.921271011,Q,CLNE,,69,3.675
2023-12-20,10:24:57.921272692,Q,CLNE,,5,3.675
2023-12-20,10:24:58.855658939,V,CLNE,,1000,3.675
2023-12-20,10:25:04.878628931,D,CLNE,,789,3.6794
2023-12-20,10:25:04.978357602,D,CLNE,,1,3.675
2023-12-20,10:25:08.272028994,Q,CLNE,,13,3.68
2023-12-20,10:25:08.272030913,Q,CLNE,,100,3.68
2023-12-20,10:25:08.272033404,Q,CLNE,,100,3.68
2023-12-20,10:25:08.272036718,Q,CLNE,,100,3.68
2023-12-20,10:25:08.272038868,Q,CLNE,,12,3.68
2023-12-20,10:25:08.272041377,Q,CLNE,,11,3.68
2023-12-20,10:25:08.272044057,Q,CLNE,,100,3.68
2023-12-20,10:25:08.272047575,Q,CLNE,,24,3.68
2023-12-20,10:25:08.272047652,Q,CLNE,,5,3.68
2023-12-20,10:25:08.272050250,Q,CLNE,,100,3.68
2023-12-20,10:25:08.272121103,X,CLNE,,100,3.68
2023-12-20,10:25:08.272141487,Z,CLNE,,90,3.68
2023-12-20,10:25:08.272149063,K,CLNE,,100,3.68
2023-12-20,10:25:08.272154536,K,CLNE,,100,3.68
2023-12-20,10:25:08.272191177,U,CLNE,,200,3.68
2023-12-20,10:25:08.272330758,H,CLNE,,100,3.68
2023-12-20,10:25:08.272330852,H,CLNE,,100,3.68
2023-12-20,10:25:08.272330955,H,CLNE,,100,3.68
2023-12-20,10:25:08.272331067,H,CLNE,,1000,3.68
2023-12-20,10:25:08.272333532,Z,CLNE,,10,3.68
2023-12-20,10:25:08.272336292,Z,CLNE,,5,3.68
2023-12-20,10:25:08.272341039,N,CLNE,,400,3.68
2023-12-20,10:25:08.272356670,P,CLNE,,100,3.68
2023-12-20,10:25:08.272361275,P,CLNE,,100,3.68
2023-12-20,10:25:08.272361353,P,CLNE,,100,3.68
2023-12-20,10:25:08.272361440,P,CLNE,,100,3.68
2023-12-20,10:25:08.272365485,P,CLNE,,440,3.68
2023-12-20,10:25:08.272414063,V,CLNE,,100,3.68
2023-12-20,10:25:08.272572076,Q,CLNE,,100,3.68
2023-12-20,10:25:08.272575379,Q,CLNE,,100,3.68
2023-12-20,10:25:08.272722383,D,CLNE,,100,3.68
2023-12-20,10:25:08.284011181,Q,CLNE,,100,3.685
2023-12-20,10:25:08.294011030,Q,CLNE,,100,3.685
2023-12-20,10:25:08.304009258,Q,CLNE,,100,3.685
2023-12-20,10:25:08.351008846,Q,CLNE,,100,3.685
2023-12-20,10:25:08.720233327,J,CLNE,,100,3.69
2023-12-20,10:25:08.720237085,J,CLNE,,5,3.69
2023-12-20,10:25:08.720261884,J,CLNE,,100,3.69
2023-12-20,10:25:08.720688600,J,CLNE,,5,3.69
2023-12-20,10:25:08.722370252,X,CLNE,,100,3.69
2023-12-20,10:25:08.722372283,X,CLNE,,200,3.69
2023-12-20,10:25:08.722374371,Q,CLNE,,100,3.69
2023-12-20,10:25:08.722379970,Q,CLNE,,100,3.69
2023-12-20,10:25:08.722380083,Q,CLNE,,100,3.69
2023-12-20,10:25:08.722382515,Q,CLNE,,100,3.69
2023-12-20,10:25:08.722385944,Q,CLNE,,100,3.69
2023-12-20,10:25:08.722388748,Q,CLNE,,100,3.69
2023-12-20,10:25:08.722392579,Q,CLNE,,100,3.69
2023-12-20,10:25:08.722392676,Q,CLNE,,200,3.69
2023-12-20,10:25:08.722394617,Q,CLNE,,700,3.69
2023-12-20,10:25:08.722397677,Q,CLNE,,200,3.69
2023-12-20,10:25:08.722401579,Q,CLNE,,700,3.69
2023-12-20,10:25:08.722403529,Q,CLNE,,100,3.69
2023-12-20,10:25:08.722465766,N,CLNE,,600,3.69
2023-12-20,10:25:08.722504313,Z,CLNE,,100,3.69
2023-12-20,10:25:08.722505752,K,CLNE,,100,3.69
2023-12-20,10:25:08.722508122,Z,CLNE,,5,3.69
2023-12-20,10:25:08.722510286,Z,CLNE,,5,3.69
